3196 5196
781 313 1008 380 ..13..

288 488 506 556 ratiocinatio
531 488 776 577 comprobetur.
824 487 999 555 Sedulium
1031 487 1174 554 amicum
1202 486 1334 556 Asterii
1365 489 1522 556 consulis

285 623 314 667 1.
338 602 405 666 494
428 596 592 678 eiusdem,
624 597 683 687 qui
705 595 846 684 Virgilii
876 619 978 686 opera
1001 595 1171 663 recensuit
1182 594 1218 683 ¹),
1243 595 1350 662 fuisse
1380 596 1521 684 colligit

289 730 306 774 e
330 707 578 796 subscriptione
601 707 745 795 quadam
768 706 903 793 insigni,
928 728 1014 795 quae
1029 706 1157 794 legitur
1172 706 1209 772 in
1225 705 1393 774 codicibus
1404 705 1521 781 ,Sedu-

288 813 390 880 1111111
412 812 577 901 pluribus
604 818 644 877 ut
666 812 757 878 infra
780 813 890 878 fusius
914 833 1085 901 exponam,
1110 812 1209 880 talis:

326 982 330 992 ,
390 923 462 987 Hoc
490 944 566 1007 opus
591 921 739 987 Sedulius
762 923 844 987 iuter
876 924 1015 1005 cortulus
1045 923 1221 1010 dispersum
1252 923 1381 1008 reliquit
1388 973 1397 1003 ,
1429 923 1521 1008 quod

287 1031 480 1095 recollectam
510 1031 685 1094 adunatum
709 1045 800 1116 atque
825 1031 870 1095 ad
893 1055 1013 1095 omnem
1037 1031 1226 1118 elegantium
1250 1031 1446 1119 divulgatum
1471 1043 1521 1096 eat

291 1157 310 1196 a
338 1135 452 1199 lurcio
475 1134 570 1220 Rufio
593 1138 718 1200 Asterie
742 1161 769 1200 v.
788 1159 813 1199 c.
839 1137 995 1220 11111112)
1030 1138 1192 1200 ordinario
1226 1150 1316 1221 utque
1342 1137 1521 1222 patricio.“

395 1236 557 1327 Sequitur
581 1261 819 1326 nonnunquam
844 1238 1051 1326 epigramma
1074 1238 1221 1305 ciusdem
1246 1239 1287 1306 cf.
1304 1240 1396 1306 infra
1411 1264 1443 1328 p.
1459 1245 1516 1310 35.

291 1348 333 1414 In
357 1347 410 1413 his
433 1347 536 1412 verbo
561 1345 695 1435 quidem
718 1346 812 1412 nullo
836 1346 1008 1413 indicatur
1025 1345 1200 1413 Sedulium
1215 1348 1347 1414 Antonii
1371 1351 1519 1432 amicum

288 1464 322 1524 et
358 1457 531 1546 aequalem
565 1455 686 1539 fuisse,
725 1461 761 1522 at
786 1455 971 1522 Teuffelius
1006 1455 1092 1522 hano
1127 1459 1168 1523 ob
1203 1479 1273 1522 rem
1297 1457 1337 1522 de
1361 1457 1517 1523 amicitia

288 1563 455 1649 cogitasse
479 1562 631 1645 videtur,
669 1561 758 1652 quod
794 1562 852 1627 ille
877 1561 1007 1628 Sedulii
1043 1563 1192 1628 carmina
1227 1562 1365 1649 collegit
1400 1569 1434 1630 et
1467 1564 1518 1629 di-

286 1671 454 1758 vulgavit.
479 1671 569 1736 Num
592 1671 678 1738 certi
701 1671 878 1760 quicquam
903 1671 943 1738 de
967 1671 1116 1738 amicitia
1139 1671 1216 1737 inde
1234 1671 1404 1739 efficitur?
1428 1671 1517 1738 Mihi

289 1781 421 1868 quidem
444 1802 510 1846 non
542 1779 778 1868 persuadetur,
816 1802 889 1846 oum
928 1780 1066 1846 dubium
1101 1780 1168 1860 sit,
1201 1786 1317 1846 utrum
1351 1780 1518 1846 Asterius

294 1912 354 1956 suo
378 1889 519 1976 arbitrio
545 1889 741 1976 11111113)
765 1889 821 1956 vel
844 1895 970 1976 rogatu
993 1889 1167 1956 cuiusdam
1191 1887 1343 1955 earmina
1373 1885 1518 1974 college-

286 1996 335 2061 rit
360 2001 395 2063 et
419 1995 660 2083 divulgaverit.
706 1995 801 2061 Idem
824 1995 865 2061 de
887 1995 1035 2082 Virgilio
1059 1996 1200 2062 meritus
1224 2000 1286 2075 est,
1312 1979 1519 2082 quamquam

294 2101 381 2167 nulli
403 2102 438 2168 in
461 2107 606 2168 mentem
628 2102 723 2167 venit
754 2123 827 2168 eum
853 2100 993 2189 Virgilii
1021 2101 1164 2167 amicum
1186 2101 1301 2168 fuisse.
1348 2101 1518 2169 Graviore

294 2216 501 2295 argumento,
528 2231 592 2297 quo
617 2232 712 2276 suam
736 2210 924 2298 opinionem
946 2211 1113 2277 firmaret.
1147 2232 1229 2276 usus
1254 2215 1306 2276 est
1330 2209 1517 2276 Teuffelius

292 2337 340 2396 eo,
365 2314 512 2403 quodin
537 2314 706 2382 Gennadii
729 2315 817 2383 libro
844 2316 905 2383 illo
932 2317 993 2401 „dc
1017 2317 1102 2384 viris
1125 2316 1337 2384 illustribus“
1364 2317 1451 2383 nibil
1476 2319 1518 2384 de

296 2423 434 2490 Sedulio
458 2425 595 2511 legitur.
643 2423 731 2491 Sane
755 2425 790 2491 in
816 2423 985 2491 Gennadii
1015 2424 1112 2492 libris
1144 2447 1249 2514 usque
1280 2425 1390 2492 adhue
1419 2427 1518 2514 typis

297 2531 493 2620 descriptis,
519 2555 601 2623 quos
624 2532 659 2598 in
682 2532 837 2599 manibus
861 2532 1040 2614 1111111111,
1074 2533 1204 2600 Sedulii
1226 2533 1351 2600 mentio
1375 2554 1442 2598 non
1464 2533 1515 2612 fit,

293 2643 352 2708 sed
375 2646 473 2722 sunt,
499 2640 558 2731 qui
580 2641 752 2706 affirment
775 2642 809 2707 in
826 2641 971 2728 integris
988 2640 1158 2708 Gennadii
1175 2640 1420 2729 exemplaribus
1435 2661 1515 2704 mss.

295 2745 875 2836 (1111111111811111111111111111,
907 2753 947 2812 ut
971 2746 1229 2814 Sirmondus
1265 2747 1309 2812 ad
1343 2746 1517 2814 Ennod,I

204 2837 208 2846 '
296 2877 346 2942 ep.
384 2858 437 2922 14.
475 2860 509 2920 a
543 2855 584 2921 n.
621 2853 812 2922 11111111
847 2855 938 2941 (hist.
975 2878 1051 2942 gen.
1076 2855 1118 2922 11.
1153 2880 1186 2944 p.
1223 2859 1349 2924 1111.
1397 2855 1449 2921 on
1472 2855 1517 2922 11

301 2960 394 3026 11111
418 2960 503 3026 daus
526 2960 686 3049 quelques
711 2962 1307 3051 1111111111111111111111(11111111,
1333 2987 1396 3052 que
1413 2963 1516 3030 Sedu-

286 3065 363 3132 lius
387 3074 524 3134 mourut
546 3090 625 3134 sous
648 3069 681 3135 le
704 3073 807 3157 regne
831 3070 871 3136 de
896 3093 949 3138 oes
972 3075 1094 3138 memes
1109 3071 1282 3160 Prindea).
1322 3071 1418 3154 Quae
1441 3095 1517 3140 oum

286 3175 337 3244 ita
367 3177 454 3258 sint,
480 3174 622 3244 maxime
651 3177 829 3245 dolendum
853 3185 921 3263 est,
952 3179 1040 3268 quod
1064 3180 1117 3246 illi
1140 3179 1207 3246 viri
1233 3180 1323 3248 docti
1348 3181 1517 3248 Gennadii

298 3285 404 3350 verba
426 3282 563 3372 integra
585 3286 681 3353 nobis
704 3286 909 3355 inviderunt.
958 3287 1025 3355 Sed
1055 3288 1265 3378 inquiramus
1289 3290 1324 3356 in
1348 3289 1517 3357 Gennadii

295 3391 419 3459 librum
453 3394 592 3481 paulum
627 3417 647 3461 a
680 3396 854 3483 proposito
886 3396 1103 3464 declinantes.
1157 3397 1318 3464 Fortasse
1354 3398 1423 3465 alia
1457 3401 1517 3466 via

295 3505 410 3588 potest
433 3503 657 3570 demonstrari
681 3502 851 3571 Gennadii
874 3505 971 3572 illum
994 3505 1118 3573 librum
1143 3506 1290 3595 (qualem
1313 3529 1402 3573 nunc
1416 3507 1517 3574 habe·

287 3607 375 3696 mus)
400 3629 473 3674 esse
495 3632 657 3677 maneum.

396 3712 464 3795 Qui
494 3738 512 3782 1
543 3717 712 3785 codicibus
741 3719 877 3808 optimis
900 3721 1055 3808 inprimis
1087 3720 1241 3788 ecodioe
1269 3744 1407 3805 ,revera
1430 3722 1517 3790 anti-

291 3818 450 3907 quissimo
468 3828 571 3911 atque
587 3823 877 3892 emendatissimo“
896 3824 1083 3892 Veronensi
1106 3825 1275 3894 Gennadii
1299 3851 1383 3916 opus
1406 3829 1518 3896 multa

288 3949 363 3994 cum
394 3928 495 3995 laude
526 3932 696 3998 recensuit
728 3938 764 3999 et
796 3933 1003 4016 emendavit,
1041 3941 1094 4001 est
1124 3935 1220 4002 Dom.
1252 3933 1448 4002 Vallarsius
1480 3937 1519 4004 in

437 4150 476 4202 of.
497 4152 719 4219 subscriptionem
738 4153 795 4208 cod.
815 4154 882 4207 lind.
903 4170 946 4222 ep.
965 4155 1147 4220 Ribbeckinm,
1168 4158 1234 4222 prol.
1254 4156 1313 4209 crit.
1334 4173 1359 4223 p.
1380 4155 1443 4212 222.

433 4239 477 4290 vel
497 4242 675 4307 ,111111111εῆ
695 4244 730 4296 ef.
750 4243 821 4296 infre
839 4260 866 4310 p.
885 4242 919 4300 31
938 4260 960 4296 s.

397 4326 418 4395 ⁸)
438 4331 470 4384 cf.
491 4331 593 4385 Asturii
611 4335 694 4386 verba
712 4335 740 4385 in
759 4336 954 4401 subscriptione
974 4336 1030 4389 eod.
1049 4337 1118 4390 Mod.

437 4420 575 4486 ,Distinet
592 4423 736 4474 emendans
754 4431 860 4489 pratum
878 4424 941 4476 midi
960 4442 1054 4477 munus
1073 4427 1150 4478 amici

436 4511 587 4577 aucupiam,
607 4512 681 4579 operi
698 4515 806 4566 cedulae
823 4515 932 4567 incubui

435 4608 546 4665 tempore
564 4619 614 4668 quo
627 4641 633 4654 .
648 4641 653 4654 .
668 4638 675 4656 .
691 4605 715 4656 .“

396 4145 415 4213 1)

394 4233 416 4304 ²)
