3272 5200
723 312 944 376 -52-
1079 283 1081 288 ’

328 482 481 570 „Quibus
515 486 618 553 etiam
643 485 771 554 Sedulii
797 487 849 574 (ut
876 485 929 553 113
954 485 1109 572 dixerim)
1143 496 1265 578 poetae
1290 491 1450 558 veritatis

218 609 338 654 versus
362 588 415 655 illi
438 592 613 679 repetendi
636 599 734 659 sunt:

416 699 530 788 Lionce
554 703 645 789 iiyna
669 723 778 788 33933,
802 703 910 768 sardic
934 705 1074 770 ciamare
1099 708 1236 773 ciderio:

413 809 446 872 A
468 811 563 875 matio
589 833 737 896 responsa
755 814 838 896 petie
855 861 862 875 .
882 861 889 875 .
908 861 915 876 .
933 817 965 876 .“
988 811 1022 900 (I
1039 815 1101 880 168
1121 818 1163 897 3.)

324 906 593 982 Lactantius
643 915 712 1002 (vel
757 914 980 1000 Lutatius)
1018 917 1259 1007 Placidus,
1313 921 1451 1009 Papinii

219 1019 323 1088 Statii
347 1021 563 1102 scholiastes,
594 1022 638 1088 ad
661 1021 765 1090 Theb.
782 1023 871 1090 VIII
895 1026 968 1092 286,
1005 1024 1270 1110 „Achaemenius
1298 1030 1451 1116 patrium

218 1137 286 1216 331,
321 1130 344 1198 i.
370 1130 570 1199 Chaldaeus,
610 1131 838 1198 Achaemenia
869 1133 945 1221 ipsa
974 1141 1026 1200 331
1050 1133 1221 1202 Chaldaea
1244 1143 1366 1203 vocata
1397 1138 1450 1204 ita

218 1258 239 1302 a
271 1235 415 1324 quodam
445 1237 676 1304 crudelissimo
700 1259 790 1324 rege,
816 1239 856 1305 de
881 1262 944 1327 quo
968 1239 1004 1305 13
1029 1239 1166 1307 Sedulic
1190 1241 1336 1329 legitur:

382 1345 478 1410 Oreine
501 1347 753 1413 Achaemenium
777 1350 911 1413 rabiem
934 1353 1123 1441 accenderat
1147 1354 1162 1416 i
1169 1355 1248 1438 ro1)

374 1449 453 1516 Hac
468 1451 609 1538 fornace
631 1478 692 1517 ena
711 1504 717 1517 .
737 1504 770 1517 ..
796 1452 828 1538 (I
844 1456 910 1522 200
934 1458 973 1538 3.)

216 1581 283 1624 non
307 1558 394 1626 enim
416 1565 555 1648 poterat
578 1561 649 1626 eius
672 1559 726 1627 133
748 1561 880 1647 placari
903 1562 968 1628 nisi
992 1563 1137 1631 humano
1163 1566 1357 1653 sanguine.“
1386 1566 1445 1632 Sic

216 1668 252 1734 in
276 1664 382 1731 Statii
406 1667 562 1760 editione,
586 1666 740 1734 Venetiis
764 1689 851 1756 quae
875 1689 951 1736 ann.
979 1671 1065 1736 1508
1089 1671 1230 1757 prodiit.

322 1775 573 1844 Venantius
596 1775 895 1855 Fortunatus,
920 1775 1011 1843 misc.
1029 1774 1128 1843 VIII.
1147 1801 1174 1845 c.
1195 1779 1279 1869 aL.

265 1887 356 1965 cnon
379 1899 468 1951 tonat
490 1885 686 1966 Ambrosias,
711 1884 927 1970 Hieronymus
951 1895 1044 1971 atque
1068 1898 1212 1950 canescat

262 1996 331 2061 Sive
354 1995 553 2082 Anqactinnc
570 1994 666 2079 fonte
680 1993 802 2079 fluente
824 1995 920 2082 rigant,

262 2103 465 2170 Sedniinc
488 2100 647 2181 dulcia,
672 2100 755 2186 quod
782 2101 909 2166 Orosius
933 2103 995 2167 edit
1019 2117 1131 2167 acntne

262 2213 387 2302 1139313
413 2209 559 2276 Caesarii
581 2210 667 2274 linea
690 2221 769 2272 nata
791 2209 855 2272 cibi
868 2223 927 2308 est.
1052 2263 1061 2282 ,

321 2317 406 2385 Vita
429 2316 571 2383 Martini
593 2317 622 2397 Ι,
650 2318 691 2382 16
715 2337 741 2381 s.

263 2430 391 2494 Primos
414 2429 504 2508 enim,
530 2427 627 2491 dcccii
651 2425 848 2512 diotinqnens
872 2428 983 2492 ordine
1007 2452 1133 2492 carmen

262 2537 440 2600 Maiestatis
463 2559 541 2622 opas
564 2535 655 2599 metri
678 2536 764 2598 canit
788 2547 855 2598 orte
878 2535 1051 2600 benencas:

262 2646 372 2710 Hinc
403 2665 556 2730 quoqne
588 2644 812 2728 conspicui
839 2623 1032 2708 radiavit
1064 2644 1214 2729 linono
1238 2641 1400 2706 Sedent.

321 2751 530 2818 Isidorus
554 2748 869 2836 Η13ρ3133313,
895 2748 990 2835 Orig.
1006 2747 1065 2814 lib.
1082 2747 1161 2814 XX.
1179 2769 1207 2814 c.
1224 2750 1255 2813 4.

323 2855 508 2943 „Arretina
530 2876 615 2922 vasa
639 2877 680 2921 ex
707 2853 863 2936 Arretio,
895 2855 1075 2943 municipio
1099 2853 1240 2936 Italiae,
1274 2853 1445 2936 dicuntur,

216 2966 275 3034 ubi
297 2966 401 3032 fiunt:
427 2970 506 3030 3331
530 2963 617 3029 enim
640 2963 754 3029 rubra.
786 2962 838 3028 De
863 2963 984 3051 quibus
1008 2961 1186 3028 Sedulius:

375 3072 486 3136 Rubra
509 3070 593 3157 qnod
616 3071 795 3158 oppositam
818 3082 896 3134 tecta
918 3073 1077 3135 ministrat
1101 3071 1204 3134 cine.“
1227 3067 1317 3136 116.
1364 3058 1370 3068 ’

216 3179 378 3247 Eiusdem
401 3178 471 3245 3113
493 3178 689 3245 testimonia
712 3177 826 3245 confer
850 3199 954 3265 supra
976 3200 1009 3264 p.
1029 3177 1086 3264 72)
1142 3231 1146 3247 .

319 3285 414 3352 Inter
445 3282 709 3372 Ildephcnsi
740 3281 869 3370 scripta
892 3281 995 3348 dubia
1017 3280 1169 3368 legitur:
1204 3303 1312 3347 sermo
1336 3279 1379 3349 V.
1404 3281 1447 3348 de

217 3392 446 3481 assumptione
469 3392 500 3459 b.
524 3391 570 3459 M.
595 3395 662 3478 (ap.
679 3390 794 3476 Magn.
810 3396 836 3457 1.
856 3394 909 3459 96.
925 3414 957 3480 p.
976 3393 1074 3477 201)

327 3499 445 3585 „Circa
480 3500 691 3589 sepulturam
723 3521 804 3566 vero
829 3498 1029 3566 dominicam
1051 3499 1158 3566 multo
1193 3497 1302 3586 magis
1338 3519 1440 3587 quam

216 3606 373 3674 mulieres
404 3604 483 3672 illas
514 3611 651 3672 3333133
686 3604 824 3694 quidam
853 3604 970 3672 dicunt
1000 3604 1107 3671 131333
1142 3603 1323 3673 sollicitam
1348 3603 1442 3693 (Dei-

215 3736 334 3803 param
357 3707 427 3799 33),
460 3736 601 3802 quorum
631 3711 837 3802 opinionem,
875 3713 941 3778 nisi
972 3713 1093 3795 131133,
1126 3719 1281 3780 astruere
1303 3713 1445 3780 videtur

215 3821 352 3888 bonus
390 3819 470 3886 1113
501 3819 735 3902 Sedulius,
767 3824 900 3908 poeta
939 3818 1252 3905 evangelicus,
1292 3825 1446 3888 orator

175 3959 178 3964 ·
216 3924 454 4011 facundus,
481 3927 680 4017 scriptor
702 3925 973 3995 catholicus“
1001 3925 1202 4014 (cf.V323,
1228 3931 1319 4012 361).

324 4032 496 4100 Ecclesiae
526 4023 737 4102 britannicae
769 4033 950 4102 clarissimi
980 4039 1152 4100 auctores:
1189 4034 1447 4100 Aldhelmus

218 4148 252 4208 et
274 4140 392 4208 Beda
415 4139 699 4208 Venerabilis
723 4139 855 4207 Sedulii
866 4163 966 4229 saepe
976 4139 1177 4208 mentionem
1193 4140 1333 4222 faciunt,
1349 4163 1446 4228 prae·

217 4249 335 4316 sertim
345 4253 386 4313 ut
398 4246 469 4313 3133
477 4248 632 4316 versibus
645 4248 737 4336 leges
746 4248 798 4314 rei
805 4246 1047 4336 grammaticae
1060 4253 1094 4313 et
1102 4245 1261 4313 metricae
1270 4246 1448 4316 illustrent

328 4415 344 4482 ¹)
364 4417 405 4466 Ex
425 4413 575 4465 recensione
594 4411 719 4465 Arevali:
1157 4476 1163 4486 ·

486 4503 564 4554 Caino
582 4503 784 4554 Achaemenium
804 4503 890 4555 rabies
909 4501 1063 4554 accenderat
1082 4505 1157 4557 irone.

328 4589 346 4660 ²)
367 4593 406 4645 cf.
427 4592 506 4643 etiam
526 4590 676 4642 Isidoriana
694 4588 748 4658 (ap.
762 4589 843 4654 Mign.
858 4593 877 4641 t.
892 4586 935 4644 81.
948 4603 974 4654 p.
987 4585 1058 4655 880).
