3196 5196
723 333 945 396 -12-

215 533 281 578 uon
305 509 472 590 Samiam,
509 532 609 597 quam
633 531 722 575 nunc
755 508 914 589 dicimus,
956 508 1015 574 sed
1039 507 1238 576 Hiberniam
1260 509 1453 596 significari

214 620 364 709 putavit,
391 617 621 685 Grunerus
645 617 737 685 alii.
763 617 814 684 Ne
839 618 964 684 multa!
996 617 1147 685 Fallitur
1179 623 1212 685 et
1244 601 1346 684 fallit
1377 615 1452 683 Tri·

214 726 371 802 themius,
396 748 471 790 cum
496 722 670 790 Sedulium
694 721 910 809 Scotigenam
941 745 1013 788 esse
1045 723 1202 790 affirmet.
1249 722 1338 788 Nam
1365 744 1453 810 quae

215 836 251 902 in
276 831 627 900 Seduliumvncstrum
651 831 791 914 confert,
817 832 959 899 maxime
982 833 1160 899 referenda
1184 840 1266 901 sunt
1289 833 1333 898 ad
1348 832 1455 899 Sedu-

86 943 88 950 ’
215 942 300 1009 lium
322 941 436 1019 illum,
470 963 568 1029 quem
591 940 761 1007 Dicuilius
794 940 953 1028 Scotusl)
992 942 1031 1028 (c.
1065 963 1142 1010 ann.
1168 944 1248 1026 825)
1280 947 1453 1008 memorat

215 1052 250 1114 et
283 1046 341 1135 qui
365 1047 498 1113 saeculo
524 1069 610 1114 nono
634 1047 759 1114 floruit.
808 1046 874 1113 Hic
903 1053 1022 1114 auctor
1054 1053 1106 1116 est
1137 1053 1172 1114 et
1202 1047 1296 1114 illius
1327 1048 1450 1135 operia,

216 1153 307 1241 quod
344 1150 427 1220 dicit
459 1152 666 1220 Trithcmius
712 1152 906 1242 „Epistolas
945 1153 1061 1241 plures
1094 1153 1137 1219 ad
1170 1153 1320 1219 diversos
1350 1152 1454 1220 lib.I

218 1256 379 1324 Sedulius
404 1258 618 1346 Scotigena“‚
644 1264 679 1325 et
703 1259 847 1326 aliorum
871 1264 911 1326 ut
934 1259 1119 1325 carminum
1142 1259 1330 1344 variorum,
1365 1284 1453 1351 quae

220 1389 237 1433 e
254 1366 366 1433 codice
382 1363 598 1430 Bruxellensi
616 1363 795 1431 ediderunt
818 1365 914 1431 Aem.
934 1363 1096 1431 Grossius
1121 1365 1265 1452 (Regim.
1294 1370 1393 1451 1868)
1417 1374 1453 1436 et

214 1474 297 1542 Ern.
321 1473 555 1541 Duemmlerus
593 1471 738 1560 (Sedulii
762 1472 872 1540 Scotti
906 1472 1056 1540 carmina
1091 1473 1328 1562 quadraginta.
1368 1473 1447 1543 Hal.

217 1581 296 1651 Sar.
324 1583 432 1670 1869).
467 1581 583 1668 Longe
607 1581 709 1647 aliam
739 1582 830 1647 viam
862 1581 1114 1648 demonstrandi
1138 1581 1312 1649 Sedulium
1342 1581 1447 1650 Scoti-

217 1711 338 1776 genam
360 1687 467 1754 fuisse
490 1687 667 1773 ingressus
692 1693 744 1754 est
771 1685 892 1775 Casp.
918 1687 1158 1770 Barthius‚
1184 1688 1242 1778 qui
1266 1711 1306 1776 ex
1329 1696 1448 1776 poetae

217 1794 364 1860 carmine
396 1795 550 1884 paschali
584 1795 713 1885 aliquid
744 1796 906 1884 proficere
938 1818 1036 1885 posse
1067 1795 1132 1881 sibi
1160 1796 1350 1863 videbatur.
1398 1796 1449 1863 De

216 1899 279 1966 hac
303 1923 340 1968 re
365 1901 476 1970 fusius
500 1924 561 1968 nos
587 1902 764 1990 disputare
788 1908 933 1991 oportet.
960 1901 1035 1968 Lib.
1060 1901 1088 1967 l.
1113 1923 1146 1969 V.
1174 1906 1213 1969 17
1240 1925 1308 1989 seq.
1334 1900 1449 1988 legun-

216 2013 275 2074 tur
299 2007 397 2076 haec:

379 2121 480 2198 Quam
503 2147 562 2186 cuo
584 2123 712 2202 penicles
734 2125 881 2188 studeant
896 2122 1054 2210 flpmcuta
1074 2134 1184 2207 poetae

373 2226 591 2292 Grandiscnc'o
607 2252 766 2314 pompare
789 2227 903 2305 modic,
928 2229 1110 2314 tropicoque
1133 2228 1252 2306 boola.

371 2332 626 2397 Ridc'caloce
654 2332 780 2397 Getae
786 2382 796 2412 ,
820 2355 874 2395 ceu
896 2332 1033 2409 quolibet
1056 2343 1125 2394 arte
1148 2332 1288 2395 canendi

372 2438 473 2504 Saeuo
496 2439 715 2526 nefandorum
738 2453 884 2504 renovent
908 2439 1052 2526 contopc'a
1075 2461 1189 2518 reram,

220 2547 253 2608 et
279 2566 309 2631 q.
334 2564 359 2608 s.

328 2665 384 2732 Sic
409 2691 450 2734 ex
475 2668 621 2735 editione
645 2669 789 2735 Arevali
821 2676 855 2736 et
879 2669 1032 2736 aliorum.
1081 2667 1248 2735 Cellarius
1273 2668 1449 2736 Gruncrus

220 2772 429 2840 Arntzenius
455 2775 607 2842 scribunt
630 2798 662 2841 v.
683 2779 734 2842 19.
763 2774 983 2860 „Ridiculove
1002 2774 1123 2855 Geta“‚
1149 2797 1248 2862 quam
1272 2774 1450 2841 lectionem

219 2883 288 2950 iam
318 2883 444 2951 diserte
478 2884 677 2972 defenderat
706 2884 760 2951 Jo.
793 2885 886 2954 Frid.
914 2883 1122 2967 Gronovius,
1160 2885 1238 2954 Obs.
1263 2885 1300 2950 in
1333 2884 1448 2950 eccles

218 2991 334 3079 script.
360 3015 386 3058 c.
413 2996 442 3060 2.
467 3015 499 3079 p.
526 2996 577 3062 29.
622 2992 665 3058 In
689 2991 892 3059 editionibus
923 2992 1097 3058 veteribus
1126 2990 1324 3080 plerumque
1351 2988 1449 3072 „ridi-

219 3096 294 3163 culo
318 3103 458 3184 vegete“
486 3098 585 3164 utin
609 3097 778 3164 codicibus
804 3097 981 3164 deterioris
1005 3102 1107 3163 notae
1130 3096 1268 3182 legitur.
1294 3095 1448 3184 Inquira-

218 3226 301 3290 mus,
328 3227 414 3293 quae
437 3203 537 3270 lectio
571 3203 764 3292 accipienda
797 3205 852 3270 sit.
900 3204 1093 3271 [rectionem
1121 3202 1283 3286 „ridiculo
1306 3205 1445 3292 vagata‘

218 3331 357 3398 eamque
382 3310 586 3377 deteriorum
610 3309 760 3376 codicum
784 3316 877 3375 stare
900 3331 967 3374 non
990 3331 1088 3396 posse
1111 3308 1212 3375 facile
1235 3331 1277 3374 ex
1291 3330 1451 3375 versuum

216 3421 333 3483 tenore
365 3416 540 3502 colligitur
570 3421 604 3482 et
629 3437 739 3482 causa·
756 3415 969 3504 corruptelae
992 3421 1100 3504 patet.
1147 3415 1330 3482 Nesciebat
1360 3414 1448 3481 enim

217 3522 379 3589 librarius
404 3545 523 3589 nomen
547 3522 634 3588 illud
659 3522 768 3589 Getae
791 3521 907 3611 itaque
942 3524 1047 3589 verba
1078 3523 1165 3588 male
1189 3521 1380 3587 dirimebat.
1419 3518 1449 3584 E

217 3626 386 3693 codicibus
403 3627 579 3695 Vaticanis
596 3627 768 3694 Arevalus
793 3626 899 3693 edidit
926 3626 1131 3709 „ridiculove
1155 3626 1282 3694 Getae“
1309 3627 1377 3708 ita,
1410 3631 1450 3691 ut

182 3755 186 3762 ·
217 3731 396 3817 tragico
421 3734 572 3800 boatui
595 3740 821 3822 opponeretur
844 3733 1070 3800 ridiculus
1105 3732 1225 3801 Getae.
1266 3734 1359 3801 Haec
1383 3757 1450 3800 non

217 3862 259 3905 ex
296 3841 465 3907 sententia
505 3839 635 3907 Sedulii
682 3863 754 3908 esse
795 3843 1005 3909 demonstrat
1040 3843 1187 3909 eiusdem
1227 3843 1448 3934 paraphrasis

217 3949 384 4035 prosaica,
409 3951 468 4017 ubi
490 3950 662 4038 leguntur.
701 3950 833 4035 „Quum
856 3959 1034 4040 poetarum
1058 3954 1211 4020 studiosa
1244 3951 1448 4019 consuetudo

214 4056 394 4144 gentilium
417 4055 591 4123 fabulosas
617 4057 775 4123 carminis
798 4080 908 4145 nugas
924 4058 1087 4125 nobilium
1105 4059 1312 4127 commendet
1327 4079 1448 4146 pompa

214 4167 394 4232 verborum
429 4167 601 4233 et-sive
635 4167 904 4235 clamoribus
944 4169 1242 4236 cothurnatae
1280 4173 1448 4251 tragoe-

215 4271 312 4337 diae
337 4293 413 4338 seu
436 4275 627 4342 ridiculi
644 4275 783 4343 Getae
808 4276 969 4344 comica
992 4277 1226 4359 foeditate,
1242 4275 1299 4344 vel
1314 4273 1448 4363 quibus-

191 4551 194 4560 .
324 4511 344 4580 ¹)
362 4515 401 4565 Dc
420 4529 501 4565 mens.
522 4528 547 4577 p.
571 4509 617 4566 13:
651 4552 665 4580 „
681 4551 704 4564 ..
720 4549 726 4564 .
740 4512 866 4577 Virgilii,
888 4528 964 4577 quem
983 4515 1012 4564 in
1030 4513 1131 4564 talibus
1151 4513 1238 4564 causis
1258 4513 1349 4563 noster
1368 4511 1447 4562 simu·

216 4599 286 4649 lavit
305 4599 448 4653 seduliae.
465 4637 471 4651 .
486 4641 491 4652 .
508 4597 531 4652 .“
