3272 5200
731 334 954 417 -64·.·

337 505 442 573 Vita
467 506 501 574 S.
529 506 714 575 Geraldi
739 515 827 577 aunt.
854 533 950 578 anon.
975 514 1015 596 (e.
1042 533 1066 579 3.
1091 509 1161 576 XII
1183 509 1259 597 int.)
1284 533 1337 598 ap.
1362 510 1460 577 nab.

230 612 308 682 Aet.
335 613 367 680 S.
392 615 445 681 IX
466 639 498 702 p.
517 619 592 684 851.

341 723 464 807 „Nemo
489 726 576 792 enim
599 749 717 794 sanum
733 729 867 817 sapiens
883 730 1064 818 phalerata
1085 733 1264 797 verborum
1287 729 1456 815 figmenta

231 834 330 901 debet
365 836 557 916 attendere,
601 838 659 903 sed
694 845 810 906 utrum
845 840 1047 908 catholicum
1081 842 1136 923 sit,
1174 843 1261 930 quod
1297 841 1458 908 attendit

229 941 351 1008 mentis
374 941 503 1013 intuitu
527 943 700 1011 subtiliter
723 946 945 1033 perspicere.“

337 1046 441 1114 Vita
465 1046 499 1113 S.
525 1047 726 1117 Galterii
750 1059 838 1119 auct.
863 1074 960 1121 anon.
986 1051 1025 1140 (n.
1043 1075 1069 1118 3.
1093 1051 1164 1118 XII
1186 1051 1264 1140 int.)
1289 1074 1342 1139 ap.
1360 1051 1456 1118 Mab.

229 1153 309 1220 Aet.
335 1151 368 1219 S.
394 1152 455 1224 ΪΧ,
468 1179 499 1242 p.
525 1156 600 1223 802.

342 1262 619 1357 „Cumveterum
644 1266 734 1332 dieta
758 1275 793 1333 et
826 1269 920 1334 faeta
949 1268 1128 1355 gentilium
1162 1267 1274 1333 tenaci
1296 1265 1464 1332 memoria

232 1373 369 1461 seriptis
394 1373 465 1439 suis
480 1380 571 1441 -et
592 1374 801 1441 facetissima
816 1379 997 1444 verborum
1019 1377 1193 1443 suavitate
1217 1373 1378 1441 extulisse
1402 1374 1463 1460 fig·

231 1486 346 1546 menta
381 1503 443 1546 sua
477 1480 729 1569 antiquissimos
762 1491 882 1570 poetas
917 1482 1034 1571 utique
1074 1482 1224 1548 ethnicus
1258 1479 1461 1546 videamus:
1489 1494 1492 1496 ’

233 1586 371 1672 dignum
393 1584 530 1652 videtur
552 1585 699 1652 militum
722 1586 877 1654 caelestis
901 1588 1006 1675 Regis
1033 1593 1115 1656 ete.“

339 1694 493 1782 Denique
529 1694 586 1760 diu
620 1694 830 1784 multumque
865 1697 1081 1782 ambigebant
1103 1695 1170 1761 viri
1204 1694 1312 1775 docti,
1350 1716 1464 1782 quem-

235 1827 310 1869 nam
343 1808 479 1868 seeutus
514 1809 604 1868 esset
640 1809 759 1870 auctor
789 1825 965 1884 versuum,
992 1803 1049 1891 qui
1073 1803 1340 1891 praemittuntur
1366 1824 1464 1890 prae-

234 1911 356 1978 fationi
380 1934 502 1978 aureae
526 1910 639 1978 bullae
663 1911 777 1978 Caroli
798 1911 859 1978 IV.
883 1912 1098 2000 imperatoris
1123 1933 1209 1977 anno
1236 1914 1321 1978 1356
1346 1911 1460 1978 editae

233 2022 288 2108 (61.
313 2021 545 2102 ereremum,
570 2021 734 2090 zeitschr.
758 2021 782 2086 f.
806 2005 1154 2089 Areuive‘ueuuou.
1178 2021 1197 2086 1
1220 2046 1250 2109 p.
1277 2021 1380 2108 ineu

206 2133 217 2170 ¹
394 2129 601 2216 Omnipoterw,
627 2143 749 2194 aeterne
773 2129 861 2208 deus,
886 2153 956 2214 spen
979 2131 1075 2193 unica
1098 2129 1220 2210 mundi,

393 2238 458 2316 Qui
479 2239 560 2303 coeli
572 2238 756 2325 fabricator
779 2237 864 2318 aden,
889 2239 947 2323 qui
968 2238 1113 2302 condior
1137 2228 1229 2318 urbis,

393 2344 439 2408 Tu
455 2345 576 2432 popuii
595 2366 713 2408 memor
737 2353 796 2408 esto
820 2345 885 2407 tui:
909 2345 956 2408 sic
979 2345 1064 2408 milis
1087 2344 1127 2408 ab
1151 2345 1216 2407 ulto

388 2454 546 2540 Prospiee,
571 2475 608 2518 ne
629 2477 772 2540 gressum
793 2453 908 2538 faeiat,
931 2454 989 2518 ubi
1009 2467 1120 2542 669666
1142 2453 1295 2540 ErinnyS,

389 2561 531 2648 Imperat
553 2560 674 2641 Alecto,
699 2560 780 2647 leges
802 2559 941 2624 dictante
963 2559 1137 2646 Mequeru;

389 2668 451 2733 Sed
466 2671 576 2756 potius
600 2671 712 2732 uirtute
735 2670 790 2748 tui,
805 2691 904 2754 ‚quem
929 2670 1051 2756 ditique
1075 2669 1168 2734 birine

394 2773 539 2839 06636113
561 2776 697 2862 insignis
721 2775 846 2854 Karoli,
871 2775 946 2838 deus
970 2776 1060 2855 alme,
1086 2775 1242 2854 minebtru,

350 2887 353 2895 '
396 2883 436 2948 Ut
458 2885 562 2948 ualeat
584 2884 713 2948 duetore
729 2884 790 2970 pio
807 2907 870 2970 per
894 2906 1028 2948 amoena
1043 2886 1142 2948 vireta

385 2985 575 3059 'Morinum
596 3016 717 3078 semper
739 3017 902 3058 nemorum
924 2994 1067 3078 sedesque
1090 2993 1194 3056 beatur
1324 3014 1328 3022 ⁴

207 3113 233 3152 1⁰
389 3103 445 3167 Ad
469 3095 577 3166 latiore
599 3103 720 3166 intrare
737 3102 823 3188 pion,
848 3102 900 3164 ubi
921 3103 1041 3166 nemina
1064 3103 1144 3166 viae

389 3213 516 3278 Divinis
540 3212 725 3275 animantur
748 3213 850 3296 equeb,
875 3225 903 3275 et
918 3211 1013 3296 fonte
1036 3235 1172 3299 superno

390 3323 577 3408 Laetificate
599 3343 685 3408 36963
706 3320 809 3408 spinis
832 3320 1007 3384 mundatur
1030 3322 1192 3408 ademptin,

396 3428 565 3494 Utinensis
588 3439 680 3510 queat
703 3449 766 3489 6336
789 3425 841 3490 dei
864 3427 1035 3511 mercisque
1051 3426 1188 3513 futurae

209 3548 235 3586 14
390 3536 539 3600 Munimu
562 3546 721 3597 centenum
743 3531 904 3596 cumulare
920 3556 984 3619 per
1006 3533 1120 3597 horrea
1135 3531 1293 3616 fructum.

341 3643 534 3712 Annotavit
568 3641 690 3708 ibidem
726 3639 767 3708 G.
791 3639 1026 3708 Leonhardiue
1062 3638 1218 3723 „Kenner
1241 3639 1378 3706 werden
1403 3640 1458 3706 die

235 3753 418 3838 Anklbnge
454 3751 544 3816 eines
578 3748 693 3813 Horaz
727 3745 797 3812 und
830 3744 945 3832 Virgil
979 3745 1128 3833 segleieh
1163 3745 1364 3812 erkeunen“.
1412 3745 1465 3812 At

236 3860 348 3951 quivis
385 3857 480 3924 videt
518 3877 676 3921 versuum
713 3852 893 3946 maximam
931 3859 1066 3940 partem
1105 3874 1122 3917 e
1153 3849 1284 3917 Sedulii
1315 3852 1463 3917 carmine

235 3964 390 4057 paschali
424 3985 496 4030 esee
530 3960 727 4050 repetitam,
768 3983 801 4026 v,
834 3964 927 4040 1,·2
962 3986 1001 4020 =
1036 3958 1072 4024 C.
1102 3983 1133 4046 p.
1167 3957 1263 4024 160.
1296 3961 1348 4039 61,
1374 3981 1406 4026 v,
1445 3959 1464 4023 8

329 4097 388 4160 per
420 4095 550 4134 amoena
580 4071 679 4133 vireta
708 4104 752 4116 ·-
773 4088 816 4132 .v.
852 4070 893 4131 14
925 4092 965 4126 =
998 4063 1034 4132 C.
1065 4089 1098 4153 p.
1130 4065 1322 4131 153—60.
1377 4062 1463 4129 Nolo

234 4186 412 4270 praeterea
435 4175 606 4264 inquirere
628 4173 664 4238 in
688 4171 839 4260 singulos
863 4195 992 4252 versus,
1026 4166 1189 4260 quantum
1212 4175 1332 4257 poetae
1355 4167 1457 4234 medii

237 4289 312 4358 aevi
337 4285 467 4354 Sedulii
502 4282 658 4370 vestigiis
680 4281 880 4349 institerint.
927 4281 1016 4348 Nam
1049 4279 1247 4367 plerumque
1282 4275 1464 4343 diiudicari

131 4387 136 4396 ’
236 4423 303 4466 non
325 4400 457 4486 potest,
492 4400 607 4460 utrum
630 4396 732 4481 poeta
754 4389 938 4477 Virgilium
970 4414 1013 4456 an
1037 4387 1212 4455 Sedulium
1235 4387 1394 4453 imitatus
1418 4385 1464 4452 sit

238 4513 299 4574 aut
321 4501 450 4571 imitari
471 4498 627 4566 voluerit.
666 4495 764 4578 Quod
787 4503 828 4564 ut
850 4485 1054 4578 illustretur,
1080 4495 1147 4560 iam
1170 4491 1279 4558 fusius
1303 4493 1463 4572 tractabo

237 4609 377 4706 Virgilii
400 4605 623 4671 imitationem
648 4601 875 4670 Sedulianam.
