3196 5196
755 354 956 417 ..4..

234 533 381 599 nondum
403 531 493 597 inter
517 530 723 597 christianos
749 531 960 596 exstiterant
982 529 1073 596 tales
1096 535 1226 617 poetae,
1253 528 1370 618 quales
1394 552 1471 595 cum

235 639 424 728 gentilibus
445 615 750 724 praestantissimis
777 643 1055 723 compararentur
1079 635 1227 702 (divinae
1240 641 1353 702 autem
1366 636 1472 724 scrip-

236 754 357 828 turae,
392 743 511 833 quales
538 748 654 822 erant,
679 743 793 809 verbis
820 749 919 808 erant
941 743 1153 831 incomptae).
1201 741 1312 822 Quam
1336 743 1474 832 quidem

234 871 307 921 rem
329 853 454 918 iterum
477 874 518 917 ex
543 851 757 939 Hieronymo
785 852 985 933 evincimus,
1023 851 1096 940 qui,
1129 874 1204 918 cum
1231 849 1472 918 Bethlehemae

236 964 385 1031 scholam
419 962 679 1050 grammaticam
714 963 922 1050 aperuisset,
956 985 1078 1050 pueros
1102 955 1287 1049 Virgilium
1318 966 1352 1027 et
1384 961 1474 1030 alios

236 1072 382 1159 gentiles
417 1077 536 1160 poetas
571 1071 698 1138 latinos
733 1092 939 1159 graecosque
984 1071 1134 1145 edocuit,
1181 1092 1281 1158 quam
1298 1145 1300 1153 ,
1318 1071 1359 1136 ob
1397 1092 1470 1136 rem

236 1179 381 1246 Rufinus
416 1201 491 1245 eum
525 1178 737 1265 vituperavit
779 1178 855 1259 his,
900 1178 1001 1265 Apol.
1040 1177 1086 1244 ΙΙ.
1135 1177 1327 1260 ,Maronem
1372 1199 1473 1242 sunm

238 1285 444 1374 comicosque
469 1307 508 1351 ac
531 1284 659 1372 lyricos
693 1293 728 1351 et
757 1283 937 1350 historicos
970 1288 1125 1350 auctores
1155 1283 1296 1349 traditis
1333 1283 1398 1350 sibi
1422 1285 1469 1350 ad

238 1393 431 1460 discendum
454 1394 508 1460 dei
538 1395 693 1460 timorem
724 1393 877 1482 puerulis
911 1395 1101 1480 exponebat
1136 1392 1266 1458 scilicet
1300 1399 1340 1458 ut
1373 1415 1470 1479 prae·

238 1507 354 1588 ceptor
388 1501 487 1567 fieret
517 1508 692 1567 auctorum
728 1499 938 1587 gentilium.“
987 1499 1028 1565 In
1063 1521 1104 1566 ea
1139 1500 1248 1588 igitur
1282 1499 1470 1566 carminum

237 1608 400 1675 historias
423 1628 540 1674 sacras
576 1605 837 1673 describentium
861 1605 1019 1693 penuria,
1061 1607 1183 1694 quibus
1215 1605 1395 1673 christiani
1418 1607 1469 1672 in·

239 1716 484 1798 stituerentur,
516 1707 640 1781 nemim
662 1736 800 1803 poeseos
824 1735 930 1800 genus
953 1714 1096 1802 prodiit,
1137 1713 1227 1802 quod
1250 1714 1348 1782 hodie
1371 1722 1465 1782 recte

237 1823 435 1911 negligitur,
459 1807 534 1889 tum
548 1823 711 1911 temporis
725 1828 839 1888 autem
864 1828 898 1888 et
910 1830 1029 1908 postea
1040 1823 1161 1888 habuit
1185 1829 1220 1888 et
1233 1823 1430 1888 laudatores
1443 1827 1467 1890 1)

239 1936 273 1998 et
297 1929 498 1998 imitatores.
523 1928 673 1994 Exstitit
691 1932 922 1993 centonum
945 1949 1088 2014 genus
1113 1927 1467 1994 christianorum

242 2021 351 2126 ,qui“,
376 2043 416 2104 ut
441 2037 587 2124 integris
610 2036 779 2102 Isidori
802 2035 1090 2122 Hispalensis
1114 2036 1229 2102 verbis
1245 2043 1325 2102 utar
1348 2037 1466 2125 Etym.

238 2145 323 2212 139
352 2144 414 2226 ,de
445 2144 649 2212 carminibus
681 2144 821 2210 Homeri
855 2143 911 2209 vel
934 2142 1076 2230 Virgilii
1111 2142 1156 2210 ad
1189 2143 1328 2232 propria
1365 2169 1468 2233 opera

237 2273 328 2318 more
355 2252 548 2319 centonario
574 2274 614 2317 ex
637 2251 754 2316 multis
778 2251 855 2317 hinc
878 2249 956 2326 inde
974 2250 1166 2338 compositis
1190 2251 1348 2319 versibus
1365 2275 1469 2318 unum

239 2361 394 2434 sarciunt
418 2378 538 2444 corpus
562 2355 606 2421 ad
631 2355 831 2422 facultatem
865 2355 1027 2442 cuiusque
1057 2357 1253 2421 materiae.“
1292 2357 1466 2424 Describe-

237 2469 323 2534 bant
344 2466 452 2553 igitur
476 2471 575 2532 vetus
607 2471 642 2531 et
672 2487 796 2530 novum
826 2469 1067 2530 testamentum
1098 2465 1154 2530 vel
1185 2471 1302 2552 partes
1333 2471 1468 2532 tantum

237 2574 392 2641 versibus
415 2573 511 2641 modo
535 2571 679 2659 integris
703 2573 798 2638 modo
831 2570 1015 2637 dimidiatis
1039 2573 1135 2637 modo
1167 2593 1327 2639 versuum
1356 2575 1464 2663 parti-

239 2679 325 2746 culis
350 2703 391 2746 ex
417 2681 561 2768 Virgilio
586 2681 780 2769 assumptis.
828 2681 960 2746 Auctor
985 2689 1018 2746 et
1043 2681 1141 2768 quasi
1176 2681 1331 2770 princeps
1367 2683 1467 2749 huius

238 2789 371 2878 generis
395 2813 533 2878 poeseos
559 2797 612 2857 est
642 2790 784 2856 Proba
813 2789 1046 2871 Faltonia,
1087 2812 1172 2878 quae
1196 2789 1323 2856 saeculi
1354 2795 1467 2877 quarti

238 2899 349 2966 altera
371 2903 470 2986 parte
493 2897 657 2963 claruisse
679 2897 818 2962 videtur
850 2896 904 2980 (of.
929 2895 1179 2977 Aschbach,
1222 2895 1304 2963 Situ.
1330 2895 1407 2961 Ber.
1433 2895 1463 2963 d.

237 3005 350 3072 Akad.
375 3003 405 3071 d.
430 3002 535 3070 Wiss.
560 3002 595 3067 in
618 3001 721 3069 Wien
746 3006 842 3069 1866.
869 3001 902 3070 S.
920 3005 986 3069 420
1004 3002 1064 3086 ft).
1090 3001 1244 3084 Causam,
1270 3027 1336 3093 qua
1360 3005 1466 3072 ducta

239 3115 411 3178 centonem
433 3112 531 3177 illum
555 3112 780 3178 continentem
803 3111 981 3178 historiam
1016 3111 1142 3176 veteris
1178 3118 1213 3177 et
1247 3112 1326 3177 novi
1359 3119 1466 3180 testa-

238 3221 343 3288 menti
367 3220 609 3309 composuerit,
647 3220 738 3286 clare
771 3220 901 3287 indicat
935 3220 1011 3307 ipsa
1044 3220 1079 3284 iu
1111 3219 1270 3286 carminis
1292 3219 1464 3308 prooemio

239 3332 285 3412 (v.
311 3331 364 3394 24.
390 3349 457 3416 seq.
482 3327 532 3394 ed.
559 3325 753 3412 Teucheri):

305 3472 433 3554 „Nunc
458 3469 545 3536 Deus
569 3472 769 3557 omnipotens,
793 3495 919 3537 sucrum
939 3477 1061 3559 procot,
1087 3473 1196 3557 accipe
1220 3494 1355 3552 carmen,

307 3579 537 3664 Aeternumque
559 3580 609 3646 tui
628 3580 837 3666 septemplicis
861 3605 918 3644 erc
942 3581 1060 3646 resolve

309 3687 457 3774 Spiritus,
483 3701 574 3773 utque
596 3690 661 3752 mei
681 3713 784 3753 resero
801 3691 985 3776 penetralia
1008 3692 1122 3769 cordis,

306 3795 476 3859 Arcano
500 3808 541 3858 ut
562 3796 718 3880 possint
740 3798 854 3860 uatis
877 3795 1013 3860 Probo
1037 3807 1187 3860 cuncto
1211 3797 1413 3882 referre.“

240 3940 275 4001 et
297 3933 399 4022 paulo
422 3933 529 4000 infra:

306 4128 349 4161 „.
376 4132 382 4146 .
408 4128 415 4142 .
433 4080 686 4166 praececedens
711 4081 795 4168 eripe
819 4090 964 4144 meulent:

314 4185 486 4273 Virgilium
510 4187 657 4250 cecinisse
681 4186 794 4270 loquar
815 4188 873 4271 piu
896 4211 1028 4250 meruero
1055 4185 1174 4250 Christi
1180 4235 1190 4268 ,

307 4291 387 4356 Rem
410 4293 496 4357 uuili
516 4294 677 4358 obscurum
701 4307 841 4380 repetens
864 4293 903 4357 ub
928 4295 1047 4380 origiue
1064 4298 1244 4381 paudum.“

351 4541 370 4610 ¹)
390 4543 429 4595 Gt.
449 4542 682 4608 aldhelmum,
714 4542 747 4595 de
765 4557 794 4594 re
813 4557 922 4606 gramm.
949 4557 980 4594 ac
1005 4542 1123 4596 metrica.
1154 4542 1196 4611 (A.
1215 4543 1278 4595 Mai.
1298 4552 1367 4600 auct.
1389 4550 1463 4604 class.

240 4634 272 4687 V.
290 4649 316 4702 p.
338 4630 409 4701 579.)
