3196 5196
657 313 881 377 ..29-

152 487 323 554 Honorius
346 487 711 579 Augustodunensis1),
736 513 757 556 a
782 490 878 558 Beda
902 489 1099 558 Venerabili
1110 493 1148 575 ²),
1174 491 1216 558 ab
1242 498 1383 560 auctore

153 617 320 684 anonymo
333 598 356 678 3)
373 594 535 660 sermonis
544 594 580 661 in
588 594 869 678 nataliS.Lucae,
887 595 1103 664 aTrithemio
1115 601 1157 683 4);
1184 597 1382 666 antistes

153 728 174 771 a
195 703 363 771 Belisario
387 710 422 770 et
443 703 696 790 Liberid'(vidc
718 704 809 772 infra
830 729 863 793 p.
885 706 952 790 50),
978 726 1119 795 querum
1141 710 1284 795 uterque
1308 708 1375 797 epi-

152 812 338 900 gramma⁶)
362 811 588 879 acrostichum
610 811 646 874 in
670 807 799 878 Sedulii
827 811 961 878 laudem
984 809 1171 899 composuit
1193 810 1244 877 ita
1267 819 1307 878 ut
1335 819 1370 880 et

152 918 333 1007 exprimis
363 919 489 986 litteris
512 936 672 984 versuum
703 925 738 986 et
770 941 811 985 ex
832 917 1011 1007 postremis
1035 916 1174 984 nomina
1200 917 1377 1002 „Sedulius

152 1025 313 1092 antistes“
341 1027 570 1112 efficerentur3
609 1026 650 1092 ab
675 1048 840 1114 anonymo
864 1025 1108 1111 Mclliceusi⁶);
1147 1026 1381 1115 episcopus

153 1133 194 1198 ab
218 1131 393 1218 Alcuinol)
423 1138 457 1200 et
489 1156 510 1199 a
541 1133 717 1220 Sigeberto
749 1132 1027 1215 Gemblaeensiss).
1074 1130 1192 1219 Neque
1224 1132 1374 1199 codicum
1406 1171 1411 1180 ‹

152 1239 386 1327 inscriptiones
410 1265 516 1331 neque
539 1241 802 1328 subscriptiones
826 1240 889 1307 sibi
912 1245 1078 1307 constant.
1129 1239 1202 1306 Alii
1226 1239 1312 1306 enim
1336 1243 1377 1306 ut

152 1347 221 1412 cod.
241 1346 343 1414 Taur'.
369 1352 403 1413 et
418 1348 538 1435 fragm.
556 1349 711 1416 Ambrcs.
736 1347 875 1414 titulum
898 1353 1020 1434 poetae
1043 1346 1179 1413 nullum
1201 1349 1375 1434 praebent,

152 1451 212 1518 alii
240 1457 513 1542 „presbyterum“
540 1462 581 1524 ut
605 1457 674 1523 cod.
699 1458 777 1524 Par.
805 1460 846 1523 13
863 1459 938 1537 377,
975 1456 1044 1522 cod.
1069 1455 1171 1522 Vind.
1197 1457 1240 1522 85
1264 1477 1289 1520 s.
1314 1455 1378 1535 XI,

151 1557 251 1624 Vind.
269 1562 333 1628 246
351 1584 376 1627 s.
395 1562 475 1644 XII,
500 1563 570 1630 cod.
589 1563 686 1631 Trea.
705 1567 793 1632 1524
815 1585 841 1629 s.
858 1562 935 1630 XV.
959 1563 1041 1630 Vat.
1059 1564 1101 1631 R.
1119 1564 1138 1629 Ι
1161 1562 1227 1651 (ap.
1245 1562 1376 1648 Areu),

151 1666 245 1732 codd.
270 1666 386 1735 Ambr.
411 1692 476 1738 rec.
501 1671 541 1736 E.
567 1674 619 1738 57.
645 1670 678 1736 J.
704 1675 759 1739 35.
797 1713 839 1722 -
875 1671 935 1737 alii
962 1673 1194 1759 „episcopum“
1220 1676 1259 1736 ut
1283 1669 1377 1738 codd.

151 1773 266 1838 Ambr.
285 1773 325 1839 R.
342 1778 395 1841 46,
413 1797 438 1842 s.
456 1775 533 1857 XV,
551 1774 590 1844 C.
605 1781 657 1844 el.
675 1776 756 1844 Urb.
794 1817 837 1826 —
871 1777 1097 1859 „antistitem“
1128 1777 1246 1845 Ambr.
1264 1777 1376 1844 G.*39.

150 1901 175 1944 s,
196 1879 272 1945 XV.
297 1921 341 1930 —

257 1989 406 2054 Arevalo
438 1990 534 2078 (prol.
557 2015 590 2079 p.
609 1991 664 2076 15)
697 1998 824 2059 certum
856 2016 927 2059 esse
960 1993 1145 2060 videbatur
1184 1991 1378 2076 „Sedulium

150 2092 274 2162 alicubi
296 2097 434 2163 tandem
457 2100 649 2187 episcopum
664 2102 905 2178 ¹renunciatum
926 2101 1063 2182 fuisse“‚
1087 2101 1157 2182 sed,
1182 2099 1241 2169 ubi
1260 2099 1374 2181 fuerit,

149 2202 283 2287 egregie
302 2226 362 2270 uec
382 2204 454 2292 ipse
473 2207 537 2274 scit
556 2231 617 2275 nec
641 2210 709 2275 alii.
742 2209 908 2299 Equidem
932 2215 1025 2298 pute,
1051 2210 1081 2274 si
1100 2216 1202 2297 poeta
1228 2209 1376 2298 episcopi

149 2295 285 2373 munere
316 2309 452 2376 functus
483 2319 588 2399 esset,
625 2315 795 2381 decretum
825 2316 911 2383 illud
935 2315 1155 2384 Gelasianum
1191 2318 1251 2400 „de
1273 2318 1375 2386 libris

147 2415 348 2502 recipiendis
365 2425 399 2485 et
414 2442 480 2487 non
495 2421 714 2510 recipiendis‘
735 2424 791 2512 (cf.
808 2425 899 2491 inira
914 2451 945 2514 p.
963 2425 1018 2515 35)
1034 2425 1177 2492 titulum
1193 2425 1298 2494 illum¹
1308 2436 1374 2490 non

149 2521 348 2589 omissurum
364 2525 479 2593 fuisse.
516 2527 672 2596 Ceterum
687 2539 897 2619 argumenta,
917 2533 1036 2622 quibus
1052 2533 1227 2600 Arevalus
1243 2533 1368 2621 opinio·

148 2649 223 2692 nem
255 2651 350 2695 suam
380 2632 555 2701 illustrare
590 2637 716 2720 voluit,
753 2661 819 2705 non
852 2640 979 2706 valent.
1026 2640 1084 2707 Ad
1119 2645 1237 2727 poetas
1272 2640 1359 2723 illos,

147 2735 349 2805 Belisarium
369 2748 404 2807 et
425 2743 598 2811 Liberium
622 2768 682 2813 uos
705 2754 861 2830 revocat,
887 2748 1005 2838 quiin
1029 2748 1229 2816 acrostichis
1254 2769 1373 2816 nomeu

150 2841 326 2921 „Sedulius
341 2847 517 2916 Autistcs“
548 2853 698 2921 tradant.
738 2853 888 2922 Concedo
912 2857 1048 2923 nomina
1073 2856 1243 2924 antistitis
1271 2861 1386 2944 atque

146 2949 292 3039 episcopi
308 2956 610 3043 saepe.promiscue
626 2958 787 3042 adhiberi,
813 2961 871 3027 sed
892 2961 1079 3028 auctoritas
1105 2961 1244 3028 illorum
1257 2966 1374 3050 poeta-

257 3149 276 3216 1)
295 3150 326 3202 de
346 3155 436 3220 script.
450 3157 511 3206 ecel.
526 3171 547 3207 c.
561 3155 585 3210 7.
606 3157 697 3226 (Febr.
711 3175 736 3225 p.
752 3157 806 3226 86.)

252 3239 272 3307 2)
293 3242 388 3306 Opusc.
407 3244 496 3294 moral.
516 3242 654 3311 (apale
672 3245 872 3312 addilae)...
892 3265 925 3300 ex
948 3249 1045 3315 quibus
1073 3250 1302 3315 praefulgidorum
1330 3251 1367 3302 vi·

144 3341 232 3378 rorum
244 3329 342 3380 Hilarii
360 3330 485 3384 videlicet
497 3333 683 3398 Pictavieusis
705 3335 842 3388 Sedulii
861 3353 997 3404 quoque
1015 3354 1045 3391 ac
1064 3340 1174 3390 Iuvenci
1192 3341 1373 3405 presbytc-

143 3432 256 3467 rerum
276 3434 323 3470 nec
341 3436 393 3471 nen
413 3425 440 3472 et
458 3423 580 3476 Aratoris
598 3427 731 3478 Romanae
751 3429 876 3479 ecclesiae
894 3429 1056 3482 subdiaconi.
1069 3468 1074 3480 .
1087 3469 1111 3481 ..

252 3507 274 3577 8)
293 3512 324 3562 In
341 3514 480 3565 hcmllario
499 3515 605 3567 Alcuini
623 3517 689 3584 (Cel.
705 3515 773 3572 1569
792 3517 888 3586 editc):
919 3520 974 3587 „De
994 3533 1045 3584 quo
1065 3518 1242 3582 Evangelista
1261 3518 1373 3584 pulchre

143 3598 267 3650 Scdulius
286 3602 431 3665 presbyter
446 3642 452 3655 .
469 3646 475 3657 .
490 3644 496 3657 .
511 3600 535 3655 .“

252 3687 272 3759 ⁴)
294 3693 325 3744 cf.
346 3708 426 3759 supra
445 3710 470 3759 p.
486 3693 526 3749 16.

252 3778 274 3848 ⁵)
292 3780 324 3832 cs.
340 3779 547 3836 Ante.1at.492
567 3786 593 3833 et
611 3779 664 3837 493
684 3782 733 3852 (ed.
750 3784 794 3848 R.)

176 3867 178 3873 '
250 3868 273 3938 6)
291 3870 323 3920 cf.
337 3882 358 3918 c.
371 3870 472 3921 XXXV
489 3869 579 3936 (Febr.
593 3887 617 3936 p.
634 3868 703 3939 149).
735 3872 874 3941 „Sedulius
899 3874 1012 3924 antistes
1040 3873 1074 3924 ad
1093 3873 1371 3941 Macedoniumpres·

141 3957 264 4022 byturum
288 3957 443 4020 magistrum
467 3972 543 4009 suum
566 3959 649 4010 libros
674 3960 739 4010 dues
763 3960 795 4011 de
820 3961 905 4012 veteri
930 3962 1032 4012 scilicet
1061 3965 1087 4012 et
1110 3977 1180 4014 nevo
1201 3966 1368 4027 testamento,

140 4049 222 4097 metro
249 4045 407 4110 conscripsit
430 4045 548 4108 heroico,
578 4046 674 4112 quibus
699 4051 726 4099 et
750 4048 881 4113 prolixum
905 4050 1029 4113 prosaice
1059 4051 1188 4116 scriptum
1215 4052 1371 4118 praeposuit

142 4136 288 4201 prologum.

249 4222 271 4292 π)
290 4225 364 4278 Offie.
377 4241 402 4291 p.
416 4227 464 4279 fer.
484 4227 519 4295 (p.
533 4225 585 4283 609
606 4227 698 4295 llige.)
718 4229 847 4297 „hymnus
866 4231 938 4280 beati
957 4231 1121 4296 episcopi
1149 4230 1277 4284 Sedulli“.

250 4313 271 4381 8)
288 4317 327 4366 De
340 4317 430 4382 script.
448 4320 509 4369 eccl.
523 4334 545 4370 c.
558 4316 584 4374 7,
599 4319 686 4388 (Febr.
700 4334 725 4383 p.
739 4317 785 4386 93)
807 4319 946 4384 „Sedulius
966 4322 1105 4387 episcopus
1125 4320 1159 4372 ad
1183 4320 1368 4374 Macedonium

139 4403 322 4468 presbyterum
340 4407 449 4471 scripsit
467 4408 550 4459 libros
570 4408 601 4459 de
621 4410 754 4460 miraculis
772 4411 870 4461 veteris
884 4413 912 4460 et
924 4411 987 4461 novi
1004 4410 1171 4474 testamenti,
1193 4423 1259 4474 quos
1274 4411 1369 4473 postea

98 4551 113 4564 .
139 4494 188 4545 sub
215 4496 326 4545 metrica
353 4494 411 4559 lege
436 4495 556 4548 redactos
583 4499 768 4563 praetitulavit
797 4498 922 4565 paschale
949 4514 1062 4553 carmen.
1099 4498 1250 4563 Reparavit
1280 4498 1363 4549 etiam

139 4573 270 4645 dactylico
290 4582 404 4632 carmine
421 4583 509 4634 omnia
527 4584 633 4635 Domini
652 4599 739 4652 opera.
772 4586 875 4638 (llaruit
891 4627 898 4640 .
912 4626 918 4638 .
933 4625 939 4637 .
954 4587 978 4639 .“
