3272 5200
652 355 875 418 ..59-

312 525 351 590 Si
371 529 523 605 carpsisse
547 530 633 592 iuuat
655 532 747 592 ceteri
771 530 810 594 de
833 529 898 616 depe
922 528 1094 592 medullam

311 631 413 716 Aeque
436 656 525 696 nora.
551 633 700 696 omimium
723 634 845 721 perlege
861 635 971 719 jroter
995 655 1071 719 opus

315 739 458 816 Quodsi
481 755 507 804 te
531 742 680 806 oblectant
702 741 751 806 vel
774 743 919 806 carmine
944 743 990 806 uel
1012 766 1107 807 sacro
1133 743 1244 812 edristr'

314 847 417 916 (desto.
443 864 494 914 tuo
519 850 613 915 cordi
632 875 768 915 consono
791 850 892 938 digno
907 851 1007 937 feres.

311 955 379 1018 Fue
402 979 477 1042 erpo
500 957 557 1020 boo
581 955 688 1022 doceat
704 981 825 1044 pueros
845 971 1009 1043 preceptor
1033 971 1153 1021 eructo-s

310 1062 417 1127 Libro.
443 1063 568 1129 lascivis
593 1088 668 1128 nom
692 1077 777 1128 earet
800 1087 868 1129 eece
890 1065 992 1129 modis

316 1171 491 1236 Paradene
518 1172 622 1256 (crede
645 1172 731 1258 mila)
757 1174 930 1238 conducent
954 1188 1059 1238 nostra
1083 1174 1203 1260 legenti

313 1276 415 1354 Quom
437 1281 470 1342 si
490 1280 538 1343 vel
560 1279 696 1366 relegant
719 1280 812 1343 dulce
834 1283 976 1344 moronis
1000 1304 1079 1367 opus

309 1383 397 1448 Huic
420 1409 523 1448 omnes
547 1386 658 1449 eederet
681 1388 755 1458 voti,
781 1386 839 1470 qui
859 1387 971 1450 mollio
986 1386 1117 1472 strepunt

316 1491 477 1572 Carmina,
503 1516 583 1577 quoe
605 1517 743 1558 uenerem
766 1518 836 1580 sepe
860 1477 940 1558 ciere
962 1496 1070 1558 solent.

252 1631 347 1698 Hace
371 1632 521 1698 carmina
543 1633 705 1719 leguntur
726 1633 762 1698 in
787 1633 916 1701 Sedulii
941 1635 1050 1724 operis
1083 1634 1229 1702 editione
1254 1634 1376 1722 Spirae

147 1778 167 1820 a
193 1732 349 1822 Conrado
372 1757 463 1825 Hist.
488 1757 569 1824 Cive
587 1744 717 1846 spiren.
742 1759 842 1825 Anno
866 1759 990 1826 domini
1012 1759 1101 1826 MDI
1124 1760 1289 1839 absoluta,
1315 1760 1371 1825 eui

146 1863 289 1931 editioni
311 1865 483 1953 inscripsit
505 1865 610 1931 idem:
635 1866 801 1932 Paschale
826 1867 915 1956 quod
931 1865 1089 1932 Sedulins
1114 1888 1252 1932 carmen
1270 1866 1375 1932 dedit.

146 1973 357 2061 Discipulus.
405 1974 532 2041 Doctor
554 1974 658 2062 legat.
685 1983 719 2041 et
739 1974 931 2042 monachus.

523 2120 610 2185 Nom
626 2145 803 2208 puerorum
826 2121 931 2185 studio

524 2225 695 2291 Scientr'am
723 2227 847 2291 solatio.

525 2333 722 2397 Monostr‘cdo
747 2332 945 2398 Eucte'ridio.

523 2490 602 2554 Plus
616 2491 677 2575 fiet
699 2492 748 2554 to
762 2491 902 2576 facilius

526 2595 688 2659 Reddetur
713 2608 741 2660 et
763 2597 919 2660 honestius

394 2759 398 2769 .
528 2702 688 2787 Multoque
712 2703 792 2766 leoco
816 2701 952 2787 dignius.

530 2863 632 2941 Quam
655 2864 696 2926 sit
717 2862 812 2928 salom
839 2861 967 2928 Ovidius

528 2973 768 3058 Grandiloqurrs
799 2972 955 3058 Virgilius
979 3009 982 3013 ·

530 3079 676 3144 Urbanus
699 3089 727 3143 et
755 3077 947 3143 Therentius.

256 3221 295 3286 Iu
319 3223 385 3288 fine
408 3221 571 3288 veterum'
584 3221 852 3288 testimoniorum
887 3229 922 3288 et
957 3221 1140 3306 elegiarum
1176 3243 1262 3308 pono
1299 3219 1381 3286 Iani

148 3328 326 3396 Parrhasii
349 3329 470 3395 eximia
492 3331 606 3402 verba,
631 3351 716 3418 quae
739 3328 917 3416 praefatus
949 3329 1058 3395 estin
1084 3328 1228 3394 editione
1251 3327 1377 3393 Medio-

148 3434 220 3500 lani
243 3434 411 3502 instrueta
435 3457 521 3500 anno
547 3438 642 3502 1501.
679 3434 828 3524 (Inspexi
862 3434 949 3501 hanc
984 3433 1162 3500 editionem
1197 3433 1232 3498 in
1255 3431 1380 3499 biblio-

148 3542 249 3609 theca
271 3541 446 3608 Marciana
470 3540 647 3628 Venetiis).

260 3697 274 3729 „
296 3701 302 3714 .
321 3701 328 3715 .
346 3701 353 3716 .
370 3649 465 3714 venit
488 3670 562 3715 ecee
585 3649 621 3713 in
636 3672 755 3716 manus
771 3649 903 3717 Sedulii
918 3671 1051 3715 carmen
1068 3647 1243 3736 paschale:
1268 3669 1378 3735 gran-

149 3757 259 3823 ditate
282 3756 470 3826 heroicum:
496 3766 692 3844 argumento
717 3759 885 3839 divinum,
922 3758 1044 3847 quippe
1074 3756 1162 3844 quod
1193 3755 1367 3842 religionis

148 3868 287 3930 nostrae
310 3862 470 3930 caelestia
491 3865 657 3950 mysteria
673 3866 925 3953 complectatur.
950 3862 1112 3950 Ingemui,
1138 3861 1257 3942 fateor,
1284 3860 1373 3949 quod

148 3968 315 4034 maximus
339 3968 517 4035 christiani
539 3970 682 4036 nominis
706 3977 857 4038 assertor
879 3970 916 4036 in
937 3967 1087 4035 tenebris
1119 3973 1154 4033 et
1183 3967 1254 4032 situ
1287 3967 1373 4032 iace-

148 4080 221 4154 ret,
247 4073 401 4162 quodque
416 4074 525 4161 magis
541 4073 721 4142 dolendum
736 4081 828 4152 erat,
853 4073 1040 4141 illustratis
1056 4073 1165 4140 etiam
1175 4071 1378 4158 alienigenis

149 4183 288 4250 vatibus
312 4189 347 4249 et
370 4206 511 4272 quornm
534 4183 629 4250 lusus
654 4185 698 4251 ad
720 4183 851 4250 nullam
872 4186 992 4252 bonam
1014 4181 1147 4270 frugem
1171 4180 1375 4268 perducunt,

149 4288 251 4377 idque
275 4290 450 4356 ferendum
472 4291 565 4357 nullo
590 4297 690 4379 pacto
714 4291 857 4357 statui..
877 4343 884 4357 .
904 4295 931 4359 .“

254 4398 397 4466 Praeter
420 4399 615 4467 testimonia
639 4405 674 4467 et
703 4399 829 4466 iudicia
853 4421 873 4464 a
896 4421 947 4464 me
971 4405 1112 4493 exarata
1136 4404 1270 4465 exstare
1295 4396 1375 4482 alia,

150 4507 360 4574 t'ortassetu
384 4509 544 4574 dicas-
568 4530 674 4596 neque
697 4529 758 4592 ego
781 4507 900 4592 ignoro
937 4509 989 4596 (nt
1019 4529 1072 4594 ap.
1103 4506 1245 4571 Pitram.
1278 4503 1368 4593 Spie.

153 4608 219 4677 Sol.
243 4618 270 4678 t.
294 4611 351 4677 ΠΙ
383 4636 415 4700 p.
442 4616 515 4695 106,
543 4616 615 4693 126,
645 4615 717 4693 156,
742 4616 818 4679 525.
874 4611 1026 4678 Bolland.
1053 4611 1083 4677 d.
1117 4615 1168 4679 19.
1191 4611 1262 4676 Mai
1287 4612 1376 4694 eta).
