3196 5196
723 363 948 429 ..48-

221 537 362 606 canticis
379 537 626 605 destinatorum
650 538 705 629 (cf.
719 561 824 629 supra
836 564 867 629 p.
880 541 948 628 44).
973 538 1073 621 Quod
1089 537 1297 628 epigramma
1311 538 1446 606 Asterii

219 645 255 712 in
279 645 350 714 cod.
374 645 496 712 Arntz.
522 648 602 710 ante
625 644 787 732 hymnum
809 645 838 713 Ι.
863 651 994 726 exstat,
1026 643 1113 710 nihil
1143 645 1222 711 inde
1253 647 1450 734 conficitur,

220 755 308 856 idem
332 754 419 820 enim
434 753 470 819 in
485 754 578 821 codd.
595 755 843 821 vetustioribus
860 762 938 845 post
954 755 1136 843 epistulam
1152 756 1196 822 ad
1212 755 1447 822 Macedonium

221 862 363 950 primam
380 860 436 926 vel
452 865 532 925 ante
548 859 707 926 carminis
730 859 900 948 paschalis
924 860 1048 927 librum
1071 862 1216 950 primum
1241 862 1384 948 legitur;
1411 863 1448 927 in

222 969 333 1037 codice
357 969 458 1036 Vind.
483 972 547 1036 307
584 968 791 1056 epigramma
827 969 863 1034 in
897 969 978 1035 folio
1013 969 1134 1036 ultimo
1170 975 1247 1059 post
1284 968 1448 1056 hymnum

223 1083 404 1164 utrumque
437 1083 488 1144 est
513 1077 684 1165 scriptum.
732 1078 854 1168 Itaque
878 1101 944 1145 non
976 1084 1045 1160 est,
1078 1103 1138 1146 cur
1162 1103 1182 1146 a
1205 1079 1369 1147 librorum
1392 1100 1445 1145 or-

223 1182 300 1249 dine
323 1182 484 1274 serieque,
510 1206 610 1273 quam
625 1184 728 1251 ‘codd
752 1184 978 1250 vetustissimi
1003 1193 1151 1268 servant,
1178 1186 1400 1256 discedamus.

331 1310 461 1376 Deinde
471 1307 629 1375 Sedulius
641 1308 703 1374 hcc
716 1309 828 1390 habet,
842 1314 881 1373 ut
894 1331 1024 1396 semper
1036 1309 1107 1376 fere
1120 1309 1235 1375 eadem
1245 1317 1449 1397 argumenta

224 1439 264 1483 ex
287 1414 439 1483 historiis
464 1415 570 1482 sacris
595 1415 702 1503 eligat
725 1421 827 1504 atque
842 1416 998 1481 versibus
1015 1422 1165 1482 exornet.
1201 1417 1246 1484 Ut
1262 1416 1330 1483 iam
1347 1442 1453 1506 supra

223 1529 444 1590 memoratum
474 1528 545 1604 est,
583 1528 617 1588 et
656 1545 789 1588 carmen
821 1522 981 1610 paschale
1009 1530 1044 1590 et
1074 1546 1158 1611 opus
1190 1547 1263 1590 cum
1294 1523 1448 1611 insignes

222 1629 386 1696 historias
417 1651 438 1693 a
469 1635 584 1696 vetere
615 1633 836 1712 testamento,
872 1635 945 1695 tum
988 1629 1136 1705 „Christi
1166 1631 1289 1697 vitalia
1330 1623 1451 1718 gesta“

225 1735 268 1801 ab
300 1734 486 1822 evangeliis
516 1735 664 1824 repetita
696 1741 836 1802 tractat.
884 1735 972 1802 Item
1001 1736 1204 1822 hymnorum
1236 1736 1326 1802 alter
1357 1737 1454 1802 facta

225 1849 328 1932 atque
354 1842 445 1911 dicta
469 1866 510 1910 ex
532 1849 677 1932 utroque
698 1848 904 1910 testamento
930 1843 1091 1920 describit
1113 1853 1148 1912 et
1175 1846 1306 1911 confert
1329 1845 1373 1933 (v.
1403 1846 1453 1912 in-

226 1953 441 2041 scriptionem
468 1953 624 2035 ,collatio
648 1952 774 2020 veteris
798 1953 931 2019 et'novi
945 1955 1186 2037 testamenti“),
1212 1954 1301 2021 alter
1314 1953 1450 2020 Christi

224 2059 507 2127 incarnationem:
530 2059 720 2141 infantiam,
745 2060 916 2126 mirabilia
932 2062 1035 2147 facta,
1056 2062 1257 2150 passionem,
1283 2082 1453 2127 resurrec-

226 2169 367 2250 tionem,
405 2167 632 2233 ascensionem
662 2167 830 2235 succincte
865 2168 1011 2234 carmine
1046 2169 1205 2235 celebrat.
1259 2166 1333 2232 lam
1370 2173 1453 2232 ante

226 2275 409 2357 Sedulium,
435 2273 470 2339 0.
488 2273 627 2340 Vettius
648 2273 831 2362 Aquilinus
855 2274 1032 2356 Iuvencus,
1057 2277 1237 2362 presbyter
1259 2273 1450 2360 Hispanus

224 2381 402 2448 materiam
426 2379 686 2467 evangeliorum,
711 2380 925 2446 Matthaeum
949 2380 1196 2467 evangelistam
1218 2378 1373 2468 inprimis
1398 2399 1452 2444 se-

226 2497 343 2571 cutus,
378 2487 522 2570 heroicis
554 2485 708 2552 versibus
739 2486 981 2573 descripserat,
1022 2486 1111 2576 quod
1142 2509 1225 2574 opus
1256 2487 1449 2554 inscribunt

230 2594 410 2680 ,historiae
441 2593 656 2680 evangelicae
686 2591 766 2658 libri
799 2596 992 2680 quattuor“.
1028 2591 1214 2682 Utriusque
1246 2592 1453 2660 carminibus

225 2706 261 2772 in
277 2704 507 2794 quaestionem
523 2703 653 2768 vocatis
670 2701 812 2768 coniecit
827 2700 939 2766 Aldus
954 2701 1131 2766 Manutius
1157 2700 1220 2788 (ed.
1241 2704 1334 2767 1501.
1359 2723 1390 2787 p.
1410 2701 1456 2786 2).

225 2814 364 2880 quenci
387 2813 492 2879 libros
517 2812 558 2877 de
581 2811 725 2877 historia
749 2810 946 2898 evangelica
970 2834 1036 2876 non
1058 2810 1184 2877 vidisse
1202 2809 1384 2890 sedulium,
1410 2833 1454 2876 ex

226 2923 485 2992 ratiocinatione
502 2921 581 2990 hac:
609 2921 715 3003 „Nam
731 2944 807 2986 cum
822 2921 858 2984 in
874 2942 914 2986 ea
930 2918 1076 3007 epistula
1093 2921 1148 3005 (I.)
1174 2941 1309 2985 causam
1328 2918 1453 3000 reddit,

227 3054 287 3097 cur
310 3031 465 3097 versibus
489 3028 701 3115 evangelium
725 3027 910 3114 scripserit,
938 3027 1094 3108 quenci,
1120 3027 1178 3115 qui
1201 3026 1288 3092 idem
1312 3026 1454 3106 fecerat,

226 3138 318 3204 haud
341 3158 509 3227 quaquam
531 3133 690 3201 meminit.
728 3133 804 3200 Non
828 3132 915 3199 enim
940 3132 1040 3220 culpa
1062 3136 1213 3213 vacaret,
1239 3133 1267 3196 si
1290 3132 1326 3198 id
1346 3134 1457 3200 sciens

226 3243 514 3334 praetermisisset
530 3249 563 3309 ct
580 3263 617 3307 eo
633 3240 751 3327 magis,
776 3262 851 3305 cum
875 3239 968 3304 locus
994 3239 1067 3325 ipse
1091 3238 1253 3324 exigeret,
1279 3247 1319 3306 ut
1334 3240 1457 3306 luven-

229 3376 320 3434 cum,
353 3375 450 3440 quem
472 3350 680 3432 imitaretur,
712 3348 837 3414 habere
863 3369 898 3413 se
923 3347 1081 3412 diceret.“
1120 3345 1198 3413 Non
1225 3368 1352 3426 annuo,
1378 3368 1457 3411 nam

227 3458 376 3547 reliquos
390 3456 492 3523 etiam
505 3461 669 3535 auctores
695 3475 778 3541 quos
791 3457 927 3517 secutus
940 3450 994 3533 sit,
1021 3451 1122 3517 celat.
1149 3448 1308 3517 Ceterum
1326 3443 1394 3516 iam
1415 3473 1457 3516 ex

230 3567 360 3633 Sedulii
393 3565 533 3654 prologo
568 3563 707 3631 metrico
744 3581 864 3627 causas
895 3560 1067 3626 indicante
1100 3558 1220 3647 quibus
1254 3559 1376 3625 ductus
1415 3559 1462 3625 ad

230 3674 438 3742 condendum
469 3694 602 3739 carmen
634 3694 669 3737 se
701 3668 903 3750 contulerit,
948 3667 1033 3734 satis
1064 3667 1174 3732 elucet
1207 3663 1381 3732 Sedulium
1411 3665 1456 3731 ad

229 3781 368 3849 Iuvenci
382 3781 627 3869 praefationem
644 3783 814 3866 spectasse
830 3776 885 3866 (cf.
903 3776 1058 3864 inprimis
1073 3797 1162 3842 vers.
1180 3779 1223 3842 20
1240 3775 1331 3862 seq.),
1357 3797 1459 3861 quam

230 3893 349 3979 poetae
380 3885 602 3952 imitationem
625 3881 865 3950 Iuvencianam
897 3880 933 3946 in
957 3879 1100 3966 singulis
1127 3879 1280 3945 versibus
1293 3883 1316 3964 1)
1348 3879 1459 3964 magis

342 4165 362 4234 ²)
443 4167 583 4216 Iuvencus.
1099 4153 1232 4207 sedulius

257 4279 273 4328 1
310 4279 343 4326 27
362 4273 432 4324 Nom
448 4271 510 4321 milri
530 4286 633 4322 carnaea
653 4269 702 4320 erit
725 4267 820 4320 Christi
903 4265 923 4314 I
956 4265 988 4314 37
1008 4261 1080 4313 Haec
1098 4262 1164 4312 mibi
1182 4277 1287 4313 ceraton
1306 4258 1463 4308 eritraeatee

571 4358 665 4408 vitalio
692 4367 766 4424 gesto
1212 4350 1261 4399 buc
1275 4347 1364 4398 uertite
1378 4345 1465 4395 cuncti

261 4457 348 4508 1807
370 4451 452 4503 Caice
466 4449 563 4501 anhela
584 4464 672 4498 socrus
691 4453 762 4496 aestu
775 4445 820 4508 se·
876 4441 927 4492 III
960 4444 993 4492 32
1013 4441 1091 4493 Forte
1118 4438 1188 4489 Pan·
1214 4438 1322 4488 calidae
1349 4436 1464 4487 torrebat

575 4536 662 4600 furique
675 4534 778 4585 iaccbat
1216 4526 1346 4593 larrcpodic
1366 4532 1438 4574 aestu

1012 4617 1105 4669 Febris
1125 4615 1223 4668 anfredo
1241 4631 1341 4670 socrum
1355 4652 1361 4665 .
1375 4651 1381 4666 .
1396 4652 1402 4666 .
