3196 5196
665 327 865 388 ..3-

255 493 349 560 Haec
373 494 413 561 de
445 496 669 562 saecularium
698 498 894 566 litterarum
925 499 1140 588 condicione;
1182 503 1223 570 de
1255 505 1380 574 divinis

149 602 361 692 autemquid
390 602 557 671 dicemus?
582 606 766 673 Nondum
790 599 1071 676 Cassiodo'rii
1103 615 1383 700 temporibus

148 707 329 798 publice
368 712 687 796 tradebantur,
729 738 850 804 easque
884 739 952 782 non
986 717 1095 785 solum
1138 741 1159 784 a
1190 720 1287 789 laicis
1324 724 1383 790 sed

151 818 253 885 etiam
279 842 299 884 a
323 820 554 888 sacerdotibus
573 845 646 888 esse
659 823 833 910 neglectas
859 846 899 889 ex
915 825 1092 892 doctorum
1116 827 1380 895 christianorum

148 926 295 1016 querelis
319 932 353 993 et
376 927 668 1014 obiurgationibus
693 929 779 995 satis
802 929 987 1014 colligitur.

256 1034 384 1101 Causas
410 1034 643 1122 neglectarum
665 1036 860 1103 litterarum
885 1037 1078 1105 divinarum
1119 1047 1274 1108 auctores
1299 1040 1385 1106 chri·

149 1140 253 1206 stiani
275 1141 366 1231 iique
388 1143 651 1230 ingeniosissimi
675 1146 746 1212 eius
771 1146 932 1234 temporis
965 1149 1061 1216 uobis
1094 1157 1295 1218 monstrant.
1336 1149 1385 1216 Ut

152 1249 395 1339 Hieronymum
426 1277 447 1319 1
481 1247 635 1341 legendis
671 1253 846 1345 prophetis
882 1258 1021 1326 horrore
1057 1259 1223 1325 sermonis
1262 1255 1385 1336 inculti

148 1357 331 1424 abductum
356 1380 429 1424 esse
452 1379 556 1447 snpra
592 1360 757 1442 vidimus,
794 1361 844 1427 ita
869 1367 904 1427 et
928 1363 1148 1450 Augustinus
1173 1363 1287 1430 eadem
1312 1361 1383 1428 iere

149 1489 254 1534 causa
275 1472 465 1554 'permotum
489 1490 604 1533 sacras
629 1491 664 1534 se
699 1470 868 1558 quondam
891 1469 1085 1558 neglexisse
1110 1471 1299 1559 scripturas
1323 1491 1384 1536 nos

149 1571 353 1639 docetConf.
377 1570 435 1639 lib.
460 1572 569 1640 1115.
599 1572 693 1654 ,Non
718 1574 806 1640 enim
830 1575 918 1641 sicut
942 1575 1039 1642 modo
1055 1575 1183 1664 loquor,
1208 1575 1258 1642 ita
1282 1575 1381 1657 sensi,

153 1701 227 1746 cnm
251 1675 385 1745 attendi
409 1676 452 1742 ad
476 1677 571 1744 illam
595 1678 811 1766 scripturam,
838 1679 896 1746 sed
918 1680 994 1746 visa
1011 1687 1064 1746 est
1088 1681 1170 1746 mihi
1193 1681 1381 1770 indigna

148 1808 278 1875 quam
318 1783 559 1880 Tullianae
600 1783 825 1872 dignitati
872 1801 1200 1876 compararem!⁴
1251 1789 1381 1857 Eadem

150 1893 307 1960 molestia
352 1891 388 1957 in
435 1892 589 1979 legendis
635 1892 763 1961 litteris
811 1895 935 1961 divinis
976 1919 1041 1984 qua
1081 1896 1306 1985 Hieronymos
1347 1906 1380 1966 et

148 2000 361 2088 Augustinus
387 2000 490 2067 etiam
514 2001 639 2068 multos
664 2002 759 2083 alios,
785 2003 867 2091 quin
889 2003 1004 2092 potius
1028 2003 1220 2072 liberaliter
1242 2007 1380 2074 institu-

148 2115 223 2175 tum
246 2127 408 2194 quemque
434 2106 592 2172 affectum
617 2128 689 2172 esse
725 2114 817 2174 recte
841 2108 1041 2189 statuimus,
1074 2110 1275 2196 praesertim
1306 2133 1380 2177 oum

150 2211 248 2278 illam
278 2214 427 2277 aetatem
456 2209 565 2276 forma
599 2210 785 2300 habituque
818 2234 977 2279 versuum
1009 2219 1044 2280 et
1076 2215 1239 2281 sermonis
1270 2216 1378 2302 magis

149 2343 221 2388 esse
245 2319 448 2386 delectatam
487 2342 586 2406 quam
617 2308 769 2387 materiis
800 2321 962 2388 tractatis
995 2343 1050 2387 res
1085 2323 1132 2388 sit
1154 2321 1339 2388 notissima.
1354 2326 1377 2406 1)

147 2425 313 2493 Attamen
335 2424 394 2505 iis,
434 2424 491 2512 qui
522 2424 641 2510 religio
666 2423 854 2491 christiana
878 2433 918 2493 ut
949 2427 1144 2493 traderetur
1177 2432 1212 2494 et
1242 2429 1377 2517 pervul·

147 2539 300 2621 geretur,
326 2525 439 2599 cultus
455 2555 534 2598 vero
548 2537 702 2598 veterum
716 2531 851 2598 deorum
864 2532 1121 2600 imminueretur
1134 2539 1168 2600 et
1185 2534 1377 2600 aboleretur

146 2644 237 2711 omni
260 2642 356 2708 modo
381 2643 594 2724 nitebantur,
628 2642 796 2708 maximae
831 2664 905 2708 esse
930 2665 1029 2710 aurae
1052 2665 1187 2710 necesse
1212 2647 1304 2722 1111,
1337 2647 1377 2706 ut

145 2749 306 2838 aequales
331 2772 352 2815 a
373 2748 560 2836 gentilibus
585 2748 809 2836 scriptoribus
834 2748 1116 2815 abstraherentur
1140 2757 1173 2815 et
1199 2749 1242 2815 ad
1265 2749 1376 2835 legen·

145 2858 208 2924 das
233 2856 366 2922 divinas
390 2854 528 2921 litteras
551 2852 827 2941 perducerentur.
877 2852 953 2934 Qua
982 2854 1041 2920 via
1071 2877 1126 2920 res
1160 2863 1235 2922 1111
1265 2877 1375 2943 perse-

144 2965 307 3054 quenda?
345 2963 433 3030 Sane
457 2986 523 3029 nou
548 2986 604 3046 ea,
638 2985 739 3051 quam
762 2951 936 3049 ingressus
967 2969 1019 3030 est
1042 2965 1290 3052 Hieronymus,
1317 2965 1375 3053 qui

146 3074 303 3144 minando
328 3078 362 3138 et
385 3071 588 3160 increpando
614 3077 648 3138 et
671 3071 797 3139 fabulis
830 3073 1018 3154 enarratis,
1055 3063 1236 3162 inquibus
1267 3071 1375 3157 genti·

146 3181 232 3246 lium
254 3179 449 3245 litterarum
472 3184 624 3274 amantes
638 3178 753 3266 poenis
770 3177 980 3265 gravissimis
1001 3177 1056 3245 vel
1082 3178 1278 3246 verberibus
1304 3178 1375 3243 affi-

145 3285 333 3369 ciebantur,
358 3310 427 3353 rem
452 3293 591 3354 acturus
616 3295 709 3373 erat3
747 3311 826 3353 nam
858 3310 899 3352 ne
932 3288 1123 3353 sacerdotes
1155 3285 1287 3374 quidem
1320 3287 1373 3353 dei

147 3395 209 3461 hoc
232 3395 329 3461 modo
354 3395 559 3461 absteruisse
585 3395 726 3460 eundem
751 3395 1012 3481 Hieronymum,
1039 3416 1143 3481 supra
1168 3393 1374 3461 demonstra·

146 3513 219 3571 tum
242 3511 303 3573 est.
351 3506 468 3593 Neque
492 3505 681 3570 mirandum
706 3511 758 3570 est
782 3504 935 3570 doctores
972 3503 1174 3582 christianos
1198 3500 1312 3567 verbis
1338 3507 1374 3567 et

144 3613 243 3681 minis
267 3612 353 3678 nibil
378 3611 544 3691 effecisse,
578 3632 653 3675 cum
684 3609 750 3697 ipsi
773 3610 809 3674 in
834 3609 1020 3694 gentilibus
1053 3608 1189 3695 scriptis
1223 3610 1372 3678 studiose

143 3730 179 3790 et
191 3722 335 3789 multum
346 3720 497 3786 volutati
509 3741 688 3808 eorumque
701 3717 928 3786 amantissimi
939 3723 1234 3804 cognoscerentur.
1265 3717 1374 3782 Multo

143 3830 269 3896 rectius
293 3830 318 3895 ii
342 3827 549 3915 cogitabant,
575 3827 633 3916 qui
656 3828 691 3892 iu
707 3826 830 3894 scholis
853 3824 998 3915 publicis
1014 3824 1193 3911 gentilium
1220 3822 1374 3912 inprimis

142 3941 318 4024 poetarum
334 3934 416 4015 loco,
442 3933 621 4000 christiani
636 3941 676 3999 ut
692 3933 887 4019 legerentur
905 3937 939 3997 et
962 3937 1205 4013 tractarentur,
1232 3954 1373 3997 summo-

144 4067 223 4132 pere
247 4025 462 4131 exoptabant.
509 4041 551 4106 Id
580 4063 660 4107 vero
686 4064 722 4106 eo
747 4049 897 4127 tempore
929 4039 1003 4106 fieri
1037 4062 1103 4104 non
1127 4039 1256 4126 potuit,
1292 4061 1369 4103 nam

251 4236 269 4304 1)
291 4240 330 4290 Oi.
349 4241 499 4291 Luaiani
519 4239 681 4290 Muelleri
702 4238 733 4288 de
760 4237 809 4288 hac
836 4253 864 4288 re
884 4235 1043 4287 sententiam
1069 4235 1161 4301 (praef.
1188 4233 1223 4284 ad
1242 4233 1271 4284 P.
1292 4233 1374 4296 Opte-

141 4330 211 4382 tiani
228 4329 350 4392 Porfyrii
370 4331 488 4380 carmina
505 4346 531 4394 p.
551 4327 616 4393 Vi).
658 4327 850 4392 „Intenderunt
868 4341 922 4376 rem
940 4324 1053 4374 Romani
1071 4325 1177 4388 praeter
1196 4322 1371 4372 imitationem

142 4419 381 4472 Alexandrinorum
395 4421 473 4470 etiam
485 4420 611 4483 incompti
624 4417 726 4470 decoris
745 4417 815 4473 odio.
834 4419 915 4468 Porro
937 4431 987 4480 quo
1009 4415 1116 4476 gravior
1136 4410 1226 4464 evenit
1245 4414 1372 4473 uergente

139 4526 172 4562 ac
192 4510 344 4561 senescente
378 4507 539 4572 antiquitate
568 4507 696 4557 materiae
716 4506 820 4570 inopia,
852 4519 882 4554 eo
909 4502 994 4566 magis
1021 4499 1139 4566 optinuit
1167 4498 1325 4549 facetiarum
1344 4513 1374 4550 ac

112 4585 113 4590 ¹
145 4595 319 4649 ludibriorum
339 4594 457 4647 cuiusuis
476 4593 547 4646 modi
567 4593 709 4646 studium.“

1227 4645 1293 4748 1*Ι
