3196 5196
760 365 962 426 ..2-

246 547 385 614 deorum
423 545 628 630 dearumque
660 562 796 622 eversa,
836 545 914 628 post
945 539 970 606 J
973 538 1044 604 ovis
1080 536 1274 604 sacerdotes
1309 534 1477 622 expulsos,

248 653 445 720 doctoribus
470 648 667 717 christianis
691 647 823 715 frustra
847 635 1118 735 repugnantibus
1151 650 1249 710 vetus
1274 643 1473 730 superstitio

235 783 349 850 ,quam
373 759 547 837 dicebant,
588 777 850 844 usquequaque
881 759 1132 843 propagaretur
1161 751 1197 817 in
1226 749 1367 816 civitate
1392 749 1478 816 chri-

247 869 381 936 stianae
404 867 475 952 legi
497 866 564 931 iam
588 865 713 931 dedita.
760 863 877 951 Neque
901 861 1023 928 mirum
1047 867 1100 928 est
1124 859 1315 927 saeculares
1340 855 1478 920 litteras

247 975 498 1066 praevaluisse,
535 997 610 1041 cum
641 978 754 1039 essent
777 973 875 1061 qussi
898 971 996 1056 fons,
1035 993 1075 1036 ex
1101 992 1165 1059 quo
1198 967 1304 1034 omnis
1330 963 1477 1030 eruditio

248 1088 412 1162 manaret,
431 1101 506 1168 ¹qua
529 1085 601 1145 tum
624 1078 775 1145 homines
799 1101 820 1143 a
843 1077 958 1166 pueris
982 1077 1222 1145 imbuerentur.
1273 1071 1478 1140 Grammati-

246 1211 363 1256 corum
387 1194 500 1255 autem
525 1195 559 1255 et
582 1187 772 1270 rhetorum,
814 1188 872 1276 qui
896 1189 938 1254 ab
962 1186 1132 1254 Hadriani
1163 1205 1266 1272 prope
1296 1187 1409 1249 aetate
1433 1180 1475 1247 ab

247 1296 507 1382 imperatoribus
531 1295 667 1384 publica
684 1296 812 1362 salaria
836 1301 1049 1382 acceperant,
1074 1295 1143 1360 iam
1160 1292 1315 1360 Suetonii
1330 1297 1480 1378 tempore
1529 1357 1536 1373 ,

247 1411 368 1472 tantus
393 1423 552 1469 numerus
577 1406 667 1484 erat,
701 1408 740 1467 ut
772 1423 1009 1489 nonnunquam
1041 1422 1142 1489 super
1173 1399 1298 1486 viginti
1330 1397 1479 1462 celebres

248 1510 385 1577 scholae
408 1508 444 1572 in
463 1508 552 1588 ,urbe
576 1512 709 1587 essent,
747 1513 783 1573 et
815 1505 856 1571 de
879 1505 1065 1572 notissimis
1101 1505 1293 1572 doctoribus
1324 1503 1480 1570 nonnulli

249 1617 285 1683 in
315 1612 499 1704 provinciis
535 1635 666 1701 quoque
702 1612 859 1680 docerent
895 1613 952 1700 (cf.
991 1614 1031 1680 de
1066 1635 1206 1701 gramm.
1243 1635 1270 1678 c.
1303 1614 1347 1700 3).
1395 1609 1480 1688 Cum

249 1723 406 1792 doctrina
436 1720 659 1808 grammatica
682 1719 832 1786 studium
861 1726 1039 1809 poetarum
1069 1719 1223 1809 inprimis
1252 1718 1395 1806 Virgilii
1428 1718 1479 1784 ita

249 1834 327 1898 erat
352 1828 574 1908 coniunctum,
600 1837 640 1894 ut
662 1833 782 1915 postca
806 1827 1011 1895 carminibus
1035 1827 1238 1915 Virgilianis
1261 1831 1344 1896 bene
1370 1827 1478 1894 erudi-

250 1945 325 2006 tum
359 1958 432 2004 esse
466 1936 555 2001 idem
590 1935 723 2002 valeret
765 1942 868 2024 atque
908 1943 1016 2004 artem
1054 1938 1311 2024 grammaticam
1350 1957 1480 2025 sapere.

250 2042 317 2108 Au
326 2037 551 2128 gustin'um
593 2041 755 2108 habemus
797 2047 918 2109 testem
962 2043 1098 2109 saeculo
1142 2050 1263 2132 quarto
1308 2048 1343 2108 et
1385 2042 1481 2108 initio

254 2151 368 2240 quinti
390 2152 424 2216 in
451 2150 575 2217 scholis
598 2151 744 2238 publicis
768 2173 890 2240 pueros
915 2151 1057 2238 Virgilii
1091 2152 1245 2241 inprimis
1277 2149 1482 2218 carminibus

251 2258 438 2324 instructos
464 2281 552 2340 esse,
578 2259 661 2327 dicit
684 2258 771 2325 enim
796 2259 837 2325 de
861 2259 924 2326 eiu.
950 2260 1004 2334 dei
1031 2261 1050 2326 I
1072 2265 1092 2328 3
1120 2259 1267 2347 „Nempe
1291 2257 1382 2346 apud
1405 2249 1482 2322 Vir·

251 2365 387 2451 gilium,
424 2389 521 2455 quem
555 2371 735 2454 propterea
769 2367 906 2454 parvuli
939 2366 1076 2454 legunt,
1109 2372 1149 2432 ut
1183 2365 1343 2456 videlicet
1378 2371 1480 2455 poeta

157 2535 161 2543 ,
252 2496 398 2560 magnus
440 2474 653 2564 omniumque
696 2458 990 2563 praeclarissimus
1028 2482 1132 2565 atque
1172 2475 1318 2564 optimus
1357 2473 1484 2542 teneris

251 2581 399 2648 ebibitus
426 2580 547 2646 animis
570 2602 636 2645 non
660 2579 761 2646 facile
785 2580 953 2648 oblivione
982 2581 1091 2670 possit
1116 2581 1262 2663 aboleri,
1302 2581 1484 2648 secundum

252 2689 341 2756 illud
365 2690 518 2758 Horatii:
909 2690 913 2694 ’

463 2798 529 2876 Quo
553 2798 647 2862 semel
670 2812 713 2862 est
735 2799 846 2862 inbuto
869 2823 976 2864 recens
998 2800 1131 2864 servabit
1153 2799 1278 2863 odorem

465 2903 557 2966 Testa
580 2902 638 2966 din
661 2940 705 2950 -

253 3010 347 3098 apud
369 3010 458 3076 hunc
482 3030 561 3095 ergo
585 3007 770 3095 Virgilium
801 3032 918 3098 nempe
942 3009 967 3076 J
968 3033 1034 3076 nno
1066 3009 1238 3076 inducitur
1263 3031 1289 3076 a.
1315 3033 1346 3098 q.
1371 3015 1416 3078 s.“
1452 3015 1486 3076 et

257 3118 351 3186 Conf.
366 3118 425 3184 lib.
450 3117 468 3182 I
494 3121 534 3184 13
559 3117 714 3205 queritur
729 3118 818 3184 idem
841 3119 881 3185 de
903 3119 946 3185 iis
970 3119 1165 3209 magistris,
1191 3117 1248 3208 qui
1272 3115 1487 3204 grammatici

256 3232 423 3294 vocantur
461 3225 645 3313 „quibus“,
681 3227 811 3315 inquit,
853 3234 987 3312 ,tenere
1022 3229 1168 3314 cogebar
1203 3227 1339 3292 Aeneae
1373 3223 1485 3290 nescio

255 3335 352 3402 cuius
378 3356 529 3417 errores,
568 3333 695 3401 oblitus
719 3357 872 3402 errorum
907 3357 1057 3402 meorum
1093 3341 1127 3402 et
1163 3334 1299 3424 plorare
1322 3332 1487 3400 Didonem

256 3445 433 3520 mortuam,
460 3438 539 3528 quia
556 3438 630 3526 ipsa
646 3461 682 3505 se
698 3439 821 3506 occidit
845 3441 885 3506 ob
900 3461 1047 3506 amorem
1064 3471 1098 3506 ,η
1117 3447 1145 3506 .“
1174 3439 1325 3521 Quorum
1348 3435 1487 3523 scriptis

256 3545 356 3634 pueri
379 3544 557 3610 christiani
580 3543 702 3610 imbuti
726 3551 835 3627 erant,
860 3568 916 3612 eos
941 3552 1097 3614 auctores
1116 3569 1318 3635 quamquam
1341 3543 1486 3632 gentiles

256 3653 293 3718 in
316 3651 470 3719 manibus
506 3648 629 3715 habere
665 3649 827 3716 admirari
848 3650 991 3718 laudare
1015 3655 1203 3740 pergebant
1227 3651 1347 3716 adulti.
1397 3649 1487 3731 Quin

257 3761 361 3827 etiam
400 3759 574 3826 doctorum
612 3757 875 3826 christianorum
915 3759 1133 3840 celeberrimi,
1172 3759 1402 3845 Hieronymus
1442 3759 1486 3823 ad

258 3867 404 3955 gentiles
429 3863 584 3934 auctores
618 3867 772 3954 confugit
784 3870 823 3954 1),
865 3870 953 3935 unde
988 3869 1216 3942 solatiumnet
1247 3867 1489 3934 recreationem

258 3980 392 4064 peteret
416 3980 451 4041 et
463 3974 691 4061 Augustinus,
718 3996 793 4040 cum
808 3977 844 4039 in
859 3996 897 4040 eo
914 3980 1014 4057 esset,
1039 3980 1080 4040 ut
1095 3973 1281 4060 Virgilium
1305 3974 1487 4057 refelleret,

259 4085 420 4152 laudibus
445 4083 595 4149 carmina
618 4081 805 4148 exornavit.
1196 4099 1199 4106 '

371 4278 390 4346 ¹)
410 4281 484 4332 Idem
504 4297 562 4333 cum
581 4281 731 4333 sacerdotes
751 4282 838 4332 facere
866 4281 984 4346 videret,
1016 4284 1058 4336 ira
1086 4285 1240 4337 incenditur
1260 4288 1286 4336 et
1307 4284 1425 4349 grauiter
1446 4299 1489 4335 eos

260 4371 395 4435 increpat,
422 4371 456 4422 ad
476 4373 619 4446 Damasum
638 4370 714 4436 epist.
734 4371 832 4426 XXXI.
869 4373 920 4437 „nt
938 4389 1007 4425 nunc
1028 4376 1108 4426 etiam
1134 4375 1284 4426 sacerdotes
1305 4374 1362 4436 dei,
1383 4373 1488 4424 omissis

260 4459 417 4522 Evangeliis
448 4462 475 4510 et
506 4458 649 4522 Prophetis
681 4458 802 4510 videmus
835 4462 983 4513 comoedias
1013 4463 1116 4527 legere,
1151 4464 1281 4515 amatoria
1313 4462 1490 4513 bucolicorum

261 4563 385 4598 versuum
404 4548 486 4599 verba
506 4561 605 4609 cancre,
626 4551 715 4597 tenere
736 4548 894 4612 Virgilium:
923 4553 950 4601 et
976 4550 1005 4601 id
1024 4551 1095 4617 quod
1115 4553 1144 4603 in
1163 4553 1253 4617 pueris
1273 4550 1419 4604 necessitas
1439 4555 1487 4616 est,

262 4635 361 4686 crimen
380 4637 453 4688 inse
472 4637 559 4688 facere
578 4637 735 4702 voluptatis
