3196 5196
731 272 953 338 ,44-

228 448 466 512 tetrametrum
502 445 625 533 recipit
657 447 804 515 iambum
839 448 923 516 locis
954 449 1123 532 omnibus,
1160 452 1342 540 spondeum
1375 452 1458 522 locis

229 549 424 638 imparibus,
450 573 515 641 quo
538 551 686 640 scriptus
711 558 764 621 est
786 553 932 642 hymnus
949 553 1106 644 ¹Sedulii:

589 662 622 727 Α
643 663 720 728 eolis
743 678 830 729 ortus
853 667 986 730 cardine

586 772 643 837 Ad
665 797 762 860 usque
786 787 888 840 terrae
912 775 1041 839 limetcm
1059 825 1066 840 .
1085 827 1092 842 .
1111 760 1125 841 ,¹
1217 821 1222 832 .
1255 863 1256 866 ¹

340 876 560 946 Alcuinus
583 879 684 946 huius
708 881 866 948 carminis
889 883 1090 950 mentionem
1113 882 1198 948 facit
1213 882 1263 948 ita
1280 881 1335 971 (cf.
1353 883 1463 970 Mign.·

229 992 255 1052 t.
283 991 358 1055 101.
382 1009 414 1073 p.
439 985 517 1074 609)
545 985 709 1072 „hymnus
740 987 833 1054 beati
868 986 1016 1076 episcopi
1039 985 1169 1053 Sedulii
1200 987 1241 1053 de
1271 988 1458 1056 nativitate

230 1101 265 1161 et
286 1093 453 1182 baptismo
477 1098 512 1160 et
534 1093 666 1164 virtute
689 1099 724 1160 et
746 1094 931 1160 traditione
955 1102 990 1162 et
1012 1093 1177 1182 passione,
1203 1095 1456 1162 resurrectione

231 1207 266 1268 et
297 1203 490 1268 ascensione
514 1201 638 1269 domini
660 1201 752 1268 notri
775 1201 801 1269 J
802 1225 860 1269 esu
872 1202 1009 1269 Christi.
1045 1203 1078 1268 A
1099 1203 1176 1268 solie
1193 1257 1200 1271 .
1219 1258 1225 1272 .
1244 1207 1281 1271 .“
1309 1202 1475 1305 Carmen¹

230 1310 379 1378 eontinet
402 1309 527 1398 viginti
549 1315 621 1378 tres
645 1310 812 1399 strophas,
838 1334 980 1400 quarum
1003 1310 1214 1398 singularum
1238 1309 1347 1378 initiis
1370 1307 1403 1376 h.
1429 1331 1457 1377 e.

228 1415 355 1485 litteris
379 1418 568 1486 initialibus
592 1419 811 1507 alphabetum
834 1419 991 1489 efficitur.
1030 1418 1140 1501 Quam
1163 1421 1205 1487 ob
1229 1442 1300 1485 rem
1323 1437 1459 1483 carmen

231 1525 378 1614 hymnus
402 1527 601 1593 abcedarius
624 1533 840 1616 nuncupatur
872 1528 930 1594 vel
959 1551 1092 1595 carmen
1125 1525 1350 1595 acrostichum
1372 1523 1458 1592 Are-

230 1631 309 1697 valo
332 1632 543 1722 improbante
568 1634 609 1704 cf.
633 1635 719 1723 prol.
743 1660 775 1724 p.
801 1639 854 1704 28.
898 1636 1074 1724 Descripsi
1103 1635 1190 1702 hanc
1223 1631 1459 1701 acrostichidis

229 1738 372 1808 formam
387 1740 478 1829 apud
493 1745 626 1808 veteres
644 1747 763 1830 poetas
779 1742 983 1810 christianos
1005 1743 1041 1808 in
1057 1747 1307 1833 programmate
1324 1740 1461 1826 (Unter-

231 1845 427 1934 suchungen
466 1849 550 1915 iiber
589 1850 653 1916 den
692 1851 790 1920 iamb.
838 1851 989 1918 Dimeter
1028 1852 1083 1919 bei
1122 1851 1187 1917 den
1225 1849 1357 1918 christl.
1398 1849 1460 1936 lat.

230 1951 546 2040 Hymnendichtern
571 1955 631 2022 der
653 1957 824 2024 vorkarol.
849 1957 935 2040 Zeit,
959 1957 1061 2024 Wien
1087 1957 1187 2045 1876)
1223 1981 1255 2046 p.
1280 1959 1461 2049 mihique

234 2083 364 2142 causas,
378 2061 498 2151 quibus
511 2063 605 2130 ducti
616 2069 736 2152 poetae
749 2063 811 2131 hoe
824 2065 994 2131 schemate
1005 2071 1195 2145 uterentur,
1210 2065 1460 2151 probabiliores

233 2167 309 2236 aliis
327 2169 486 2236 attulisse
502 2171 585 2238 mihi
599 2172 727 2240 videor.
751 2172 793 2238 In
808 2173 990 2241 breviariis
1014 2196 1147 2240 carmen
1164 2171 1311 2238 distrahi
1333 2170 1371 2237 in
1394 2169 1461 2235 duo

228 2276 284 2342 vel
300 2277 371 2343 tria
383 2278 479 2361 solet,
498 2303 639 2368 quorum
650 2282 800 2368 partium
815 2282 925 2370 prima
938 2283 1111 2371 (strophae
1123 2280 1248 2366 A-G)
1262 2279 1462 2368 plerumque

229 2382 428 2452 inscribitur
447 2386 523 2470 „Ad
536 2388 654 2454 laudes
670 2389 704 2454 in
719 2389 905 2458 nativitate
913 2390 1080 2472 Domini“‚
1099 2389 1210 2456 altera
1226 2387 1365 2476 (H—N)
1385 2385 1462 2464 ..Ad

230 2515 389 2581 vesperas
405 2495 441 2562 in
457 2495 657 2584 epiphania“
677 2497 733 2582 (cf.
749 2497 901 2587 Kayseri
913 2523 964 2586 op.
978 2498 1001 2568 l.
1015 2523 1047 2588 p.
1062 2502 1127 2566 315
1142 2497 1182 2586 s.)
1207 2497 1281 2563 Has
1298 2493 1457 2562 carminis

227 2606 345 2686 partes
367 2623 474 2688 nuper
507 2601 619 2670 ecod.
651 2603 816 2670 Beruensi
847 2606 912 2670 455
944 2626 970 2672 s.
994 2627 1025 2671 x.
1062 2603 1171 2670 edidit
1203 2601 1247 2670 H.
1280 2602 1456 2686 Hagenus,

232 2703 342 2772 Carm.
367 2704 451 2772 med.
469 2707 554 2775 aevi.
579 2733 611 2795 p.
630 2711 673 2775 44
689 2731 756 2797 seq.
782 2707 837 2795 (ef.
855 2730 939 2796 quae
956 2708 1117 2775 annotavi
1138 2707 1175 2773 in
1199 2705 1312 2775 annal.
1335 2727 1453 2792 gymn.

229 2813 350 2884 Austr.
377 2817 473 2886 1877.
497 2841 530 2906 p.
558 2819 646 2904 180.)
1184 2889 1187 2895 ,

335 2921 480 2988 Praeter
503 2945 605 3009 opera
627 2922 696 2988 iam
711 2923 881 3017 descripta
898 2921 1108 2989 Trithemius
1124 2921 1161 2987 in
1175 2920 1333 3007 catalogo
1351 2919 1456 2985 Sedu-

228 3027 274 3094 lio
306 3036 423 3096 nostro
448 3031 626 3098 attribuit:
656 3031 721 3114 „IL
746 3031 786 3096 ln
812 3053 924 3098 omnes
956 3030 1118 3118 epistolas
1141 3029 1243 3097 Pauli
1275 3028 1332 3097 lib.
1358 3027 1456 3094 XIV.

230 3135 426 3226 Antequam
449 3136 636 3226 apostolica
651 3139 773 3205 verba.
793 3191 799 3205 .
818 3141 846 3206 .“
871 3137 914 3202 In
928 3137 1048 3203 harum
1072 3135 1332 3202 annotationum
1349 3131 1455 3199 titulo

228 3247 365 3308 auctore
388 3241 578 3309 Arntzenio
602 3242 733 3330 legitur
755 3243 806 3309 ita
822 3246 844 3328 ¹)
873 3241 1025 3328 „Sedulii
1049 3241 1142 3309 Scoti
1164 3241 1404 3310 Hiberniensis
1419 3243 1457 3309 in

228 3369 343 3414 omnes
368 3347 534 3436 epistolas
556 3347 659 3414 Pauli
682 3347 944 3414 collectaneum“
970 3387 1014 3398 —
1040 3347 1121 3432 „VL
1145 3347 1322 3435 Epistolas
1339 3351 1457 3438 plures

229 3455 274 3522 ad
308 3457 460 3524 diversos
494 3453 596 3525 lib.1
627 3456 786 3525 Sedulius
812 3455 1026 3545 Scotigena.“
1076 3458 1131 3524 Ex
1153 3458 1290 3546 patriae
1322 3460 1458 3526 nomine

226 3563 359 3631 adiecto
396 3566 572 3652 colligitur
602 3566 747 3633 istorum
763 3587 901 3654 operum
918 3570 1090 3632 auctorem
1104 3586 1173 3632 non
1192 3587 1265 3632 esse
1281 3565 1458 3633 Sedulium

228 3678 392 3754 nostrum,
418 3671 478 3738 sed
501 3672 606 3740 alium
629 3659 761 3739 scilicet
784 3695 869 3755 eum,
895 3695 992 3760 quem
1017 3670 1222 3758 „iuniorem“
1252 3672 1308 3738 vel
1327 3669 1458 3758 „Scoti-

228 3782 370 3866 genam“
395 3779 452 3845 vel
466 3780 764 3867 „grammaticum“
779 3778 957 3868 appellant
971 3777 1039 3844 viri
1056 3776 1157 3845 docti.
1192 3777 1314 3844 Eidem
1330 3778 1459 3845 adscri-

232 3889 360 3955 buntur
376 3911 479 3976 opera
504 3888 607 3955 etiam
625 3911 645 3954 a
661 3887 849 3954 Trithemio
874 3892 1060 3954 memorata
1090 3886 1151 3972 „In
1174 3886 1283 3953 maius
1298 3886 1460 3954 volumen

228 3996 399 4064 Prisciani
429 3995 488 4065 lib.
514 3998 552 4063 I“
582 4002 616 4063 et
642 3996 702 4082 „In
739 3996 920 4063 secundam
953 3996 1134 4063 editionem
1164 3995 1294 4063 Donati
1326 3995 1385 4064 lib.
1417 3996 1457 4060 I“

229 4103 285 4190 (cf.
310 4102 452 4170 Teuffel.
477 4101 590 4169 Rhoe
613 4126 645 4191 p.
673 4105 770 4169 1120.
789 4105 820 4183 9,
845 4102 978 4188 Hagen.
996 4101 1124 4169 Anecd.
1149 4101 1250 4168 Helu.
1268 4125 1301 4190 p.
1314 4101 1457 4171 LXXV.

226 4216 320 4302 seq.).
344 4211 471 4278 Restat
486 4235 591 4277 unum
614 4232 708 4300 opus,
727 4210 816 4299 quod
833 4210 1042 4277 Trithemius
1059 4216 1181 4299 quarto
1200 4209 1273 4276 loco
1290 4212 1457 4274 memorat

230 4320 308 4405 „Ad
321 4318 548 4387 Theodosium
565 4321 805 4408 imperatorem
820 4319 879 4385 lib.
896 4318 1147 4385 IRomulidum
1164 4318 1284 4385 ductor
1301 4315 1407 4383 clari.
1426 4317 1455 4382 .“

226 4473 439 4489 --—-——c-

298 4551 302 4556 ⁵
336 4557 353 4608 ¹l
373 4557 411 4610 uf.
432 4562 459 4610 et
477 4558 542 4609 bibl.
560 4561 629 4624 patr.
648 4557 734 4622 Lugd.
754 4561 773 4609 t.
792 4558 839 4609 VI.
858 4573 884 4623 p.
904 4553 964 4611 494.
