3196 5196
643 335 865 399 ..37-

247 510 340 578 Haeo
365 510 498 602 quidem
521 509 693 577 hactenus.
745 511 819 577 Iam
850 516 971 598 poetae
1002 531 1104 598 opera
1135 530 1311 576 recensere
1335 515 1370 577 et

140 618 176 684 in
202 617 431 708 quaestionem
462 637 584 682 vocare
607 613 837 683 instituamus,
886 615 938 682 Ne
962 615 1036 703 quis
1067 613 1295 701 negligentiae
1318 636 1370 680 me

140 731 296 805 accuset,
324 745 396 790 rem
420 724 572 790 omnibus
596 722 743 818 numeris
768 721 945 789 absolvere
968 722 1004 787 in
1029 722 1138 788 animo
1162 743 1228 787 non
1252 721 1369 806 habec,

140 832 200 900 sed
240 855 279 900 ea
317 831 458 898 maxime
497 851 697 920 persequar,
748 853 834 919 quae
875 836 954 896 sunt
996 829 1097 897 dubia
1131 829 1187 897 vel
1224 831 1371 896 nondum

138 937 326 1026 explorata.

500 1150 547 1232 Π.
577 1151 628 1232 Ile
658 1150 818 1253 scriptis
847 1095 1009 1232 Sedulii.

250 1309 380 1377 Sedulii
404 1333 489 1400 opus
521 1311 652 1398 insigne
682 1309 827 1376 heroicis
841 1295 1004 1376 'versibus
1041 1310 1244 1398 descriptum
1268 1312 1370 1398 vulgo

138 1415 329 1482 inscribunt
364 1438 518 1499 „carmen
550 1415 741 1504 paschale“.
792 1414 941 1481 Carmini
963 1416 1197 1503 praemittitur
1222 1417 1372 1507 epistula

145 1523 299 1592 oratione
323 1523 438 1590 soluta
463 1523 506 1589 ad
530 1523 772 1605 Macedonium,
800 1547 867 1612 qua
890 1523 1017 1612 incepti
1041 1547 1161 1592 causas
1187 1527 1372 1614 expurgari

142 1638 285 1718 etopus
312 1628 464 1714 „domino
496 1633 612 1695 sancto
646 1635 681 1694 et
712 1628 907 1696 beatissimo
939 1631 1032 1718 patri
1054 1632 1250 1698 Macedonio
1280 1655 1371 1720 pres-

141 1741 282 1826 bytero“
310 1736 387 1802 vult
410 1737 635 1803 commendari
658 1743 769 1825 poeta.
795 1736 963 1804 Carminis
987 1738 1127 1804 titulum
1151 1739 1223 1828 ipse
1248 1740 1283 1805 in
1306 1742 1372 1808 fine

140 1846 309 1935 epistulae
319 1844 583 1932 circumscripsit
591 1843 658 1910 ita:
673 1843 866 1928 „Quattuor
875 1867 955 1931 ergo
964 1845 1168 1912 mirabilium
1181 1848 1371 1916 divinorum
1388 1857 1405 1916 '.

140 1950 286 2032 libellos,
310 1975 393 2041 quos
418 1975 458 2020 ex
481 1953 637 2040 pluribus
660 1977 769 2042 pauca
790 1953 980 2042 complexus
1000 1977 1108 2042 usque
1125 1956 1168 2021 ad
1182 1958 1373 2043 passionem

142 2064 177 2125 et
208 2061 489 2138 resurrectionem
513 2062 806 2150 ascensionemque
830 2062 965 2128 Domini
988 2062 1098 2128 nostri
1120 2061 1145 2127 J
1147 2083 1206 2128 esu
1231 2061 1369 2150 Christi,

140 2168 304 2252 quattuor
340 2165 629 2254 evangelistarum
669 2167 761 2232 dicta
797 2189 1005 2253 congregans
1042 2166 1213 2248 ordinavi,
1255 2175 1391 2242 contra¹

141 2296 256 2339 omnes
281 2276 429 2341 aemulos
453 2281 534 2343 tuae
558 2275 745 2342 defensioni
769 2276 969 2342 commendo.
1017 2276 1106 2343 Huic
1130 2280 1245 2342 autem
1269 2277 1372 2363 operi,

140 2381 279 2448 favente
303 2382 452 2464 domino,
485 2383 723 2449 Paschalis
746 2383 959 2450 carminis
991 2406 1139 2450 nomen
1162 2383 1370 2470 imposui,

141 2488 222 2576 quia
244 2487 372 2576 pascha
395 2489 588 2555 immolatus
613 2495 664 2556 est
690 2489 879 2556 Christus.“
905 2491 989 2557 Cum
1011 2491 1228 2558 Macedonius
1251 2498 1372 2579 poetae

138 2595 385 2684 praecepisset,
425 2601 465 2661 ut
507 2595 700 2682 „paschalis
739 2595 896 2662 carminis
930 2600 1062 2662 textum
1096 2597 1131 2662 in
1166 2595 1372 2664 rhetoricum

139 2703 345 2770 transferret
369 2708 585 2787 sermonem“‚
611 2703 786 2791 inscripsit
810 2726 894 2790 opus
920 2703 1033 2770 soluta
1057 2704 1209 2771 oratione
1227 2706 1372 2794 descrip-

138 2814 211 2874 tum
237 2811 415 2897 „paschale
441 2818 558 2901 opus“‚
590 2818 630 2879 ut
655 2835 695 2879 ex
721 2813 870 2901 epistula
893 2813 1005 2880 altera
1030 2814 1073 2880 ad
1097 2813 1238 2880 eundem
1262 2813 1373 2879 Mace-

139 2916 275 2983 donium
300 2919 495 2985 conficitur:
534 2919 688 3005 „Priores
719 2920 827 3007 igitur
860 2919 958 3001 libri,
995 2920 1074 3010 quia
1108 2942 1211 2986 versu
1246 2917 1373 3005 digesti

139 3029 230 3104 sunt,
255 3045 375 3090 nomen
397 3024 578 3091 Paschalis
602 3024 763 3090 carminis
788 3029 999 3112 acceperunt.
1048 3024 1234 3112 Sequentes
1259 3027 1373 3089 autem

140 3127 176 3192 in
199 3149 301 3216 prosa
330 3127 426 3194 nulla
456 3151 575 3196 cursus
612 3128 784 3195 varietate
808 3129 978 3210 conversi,
1015 3128 1254 3195 Paschalis
1288 3131 1372 3197 desi-

139 3237 291 3318 gnantur
315 3231 472 3321 Operis
502 3233 665 3300 vocabulo
699 3233 917 3319 nuncupati.“
966 3233 1043 3300 Non
1066 3234 1151 3300 satis
1176 3240 1372 3301 accuratum

139 3339 280 3406 titulum
316 3339 453 3407 exhibet
485 3341 656 3408 decretum
682 3339 901 3407 Gelasianum
937 3340 1114 3427 „paschale
1146 3363 1247 3430 opus,
1285 3345 1374 3433 quod

140 3445 283 3512 heroicis
319 3449 499 3538 descripsit
536 3449 723 3517 versibus“.
770 3450 923 3518 Putabat
956 3450 1126 3532 Iuretus„
1150 3451 1209 3538 qui
1243 3453 1373 3540 primus

140 3554 287 3620 omnium
317 3579 453 3643 prosam
488 3556 619 3624 Sedulii
643 3557 852 3645 divulgavit,
889 3563 1069 3646 utrumque
1093 3560 1374 3647 comprehendere

142 3663 293 3731 voluisse
309 3687 449 3755 papam,
475 3666 536 3732 alii
560 3667 731 3733 decretum
747 3666 835 3732 illud
851 3664 1044 3732 coniectura
1063 3669 1234 3734 vexabant
1249 3668 1309 3752 ita,
1334 3676 1374 3736 ut

139 3773 328 3840 scriberent
348 3773 525 3862 „paschale
542 3797 625 3864 opus
649 3781 689 3840 et
715 3776 803 3864 quod
825 3774 969 3841 heroicis
987 3774 1167 3862 descripsit
1183 3776 1372 3846 versibus“.

141 3875 209 3944 Sed
217 3879 418 3945 coniecturis
429 3903 495 3947 nou
509 3903 591 3969 opus
604 3885 665 3964 est,
684 3903 758 3946 oum
770 3881 806 3946 in
815 3881 949 3948 decreto
962 3880 1021 3946 illo
1034 3880 1074 3946 de
1085 3881 1221 3969 integra
1232 3880 1374 3969 inscrip-

139 3985 231 4054 tione
245 4009 384 4076 operum
395 4012 461 4056 non
474 3990 582 4078 possit
603 3989 756 4077 cogitari,
782 4011 860 4055 nam
882 3989 1007 4056 decreti
1022 3990 1191 4056 sententia
1203 3990 1287 4056 haec
1300 4011 1374 4056 esso

141 4095 224 4162 mihi
247 4095 385 4164 videtur
413 4098 558 4186 „insigni
581 4099 683 4166 laude
714 4097 935 4186 praeferimus
961 4088 1090 4165 Sedulii
1114 4121 1197 4189 opus
1210 4097 1249 4185 ¹),
1286 4094 1376 4184 quod

142 4203 183 4270 de
213 4203 342 4292 pascha
374 4203 447 4290 agit
479 4211 513 4270 et
536 4203 680 4271 heroicis
714 4204 870 4270 versibus
894 4209 947 4270 est
972 4204 1207 4292 descriptum“.
1255 4201 1373 4287 Neque

141 4333 276 4378 necesse
301 4316 377 4377 erat
400 4334 521 4401 prosae
538 4311 610 4378 siva
630 4313 740 4400 operis
757 4311 929 4400 paschalis
946 4311 1154 4399 singularem
1170 4310 1376 4376 mentionem

252 4528 270 4596 ¹)
290 4529 330 4584 ef.
352 4531 380 4579 in
408 4527 497 4580 eodem
527 4528 615 4594 capite
647 4529 728 4592 „Item
756 4528 869 4580 Juvenoi
897 4527 1070 4578 nihilominus
1099 4526 1261 4577 laboriosum
1289 4537 1374 4588 opus

142 4631 194 4668 non
214 4617 371 4682 spernimus.
