3196 5196
754 337 978 400 ...26-

251 534 318 578 non
342 514 401 580 deo
426 511 600 598 servierit,
626 511 667 580 de
689 512 861 578 mundana
885 511 1064 600 sapientia,
1090 511 1131 578 de
1155 511 1249 578 fatuo
1273 513 1475 601 prudentiae

250 620 405 688 mortalis
422 618 555 705 ingenio
568 622 660 686 suo.“
690 620 925 705 ,Secularibus
938 621 1060 688 studiis
1073 643 1109 687 se
1122 627 1319 708 occupatum
1335 620 1476 702 fuisse“,

250 729 354 796 donec
377 728 533 795 caelestis
557 728 672 816 gratia
695 728 806 816 ipsum
828 729 1033 808 illustrarit,
1065 730 1162 797 docet
1193 728 1229 794 in
1261 727 1376 794 eadem
1409 729 1477 816 epi-

249 837 352 902 stula.
389 835 429 901 In
459 835 644 922 gentilibus
675 837 784 925 poetis
814 860 888 902 eum
918 837 1107 926 perfeetum
1137 836 1258 917 fuisse,
1292 859 1474 923 cognoscas

249 942 351 1009 etiam
377 965 418 1009 ex
441 943 596 1010 versibus
619 945 752 1033 prologi
776 945 923 1026 metrici,
950 966 1023 1011 oum
1048 945 1087 1010 de
1110 942 1305 1032 principatu
1330 966 1403 1010 cum
1425 943 1471 1010 iis

249 1056 467 1118 contenturos
488 1053 544 1133 sit,
569 1052 685 1142 quiin
709 1053 888 1120 comoediis
911 1052 967 1118 vel
990 1050 1179 1138 tragoediis

400 1157 500 1224 Saeva
525 1161 743 1247 nefandarum
766 1175 911 1226 renovent
934 1162 1079 1246 contagia
1102 1183 1217 1241 reram,

315 1259 317 1263 ¹
346 1341 348 1346 ι
397 1265 440 1328 Et
463 1266 614 1328 scelernm
637 1275 835 1329 monumenta
859 1278 986 1339 canant,
1010 1265 1134 1350 rituque
1158 1253 1311 1352 magistro

398 1375 545 1438 Plurima
568 1375 710 1439 Niliacis
733 1373 865 1438 tradant
887 1376 1058 1438 mendacia
1081 1375 1183 1441 biblis.

354 1476 421 1543 Sed
455 1480 563 1566 magis
598 1502 639 1545 ex
672 1479 830 1567 operibus
862 1501 962 1568 quam
996 1479 1110 1546 verbis
1145 1477 1252 1566 ipsius
1285 1479 1472 1566 colligitur,

246 1590 452 1673 quantopere
476 1585 510 1650 in
534 1584 721 1671 disciplinis
745 1590 780 1650 et
804 1583 1034 1651 saecularibus
1058 1591 1093 1650 et
1117 1585 1355 1652 ecclesiasticis
1378 1586 1478 1652 insti-

243 1699 346 1758 tutus
365 1693 480 1759 fuerit.
526 1693 603 1760 Non
625 1693 739 1782 inepte
762 1692 1069 1779 interrogantibus,
1100 1691 1222 1778 quibus
1246 1691 1470 1758 facultatibus

244 1822 377 1867 carmen
405 1801 563 1889 paschale
591 1799 824 1886 composuerit,
849 1797 889 1863 in.
902 1797 1070 1863 codicibus
1093 1797 1264 1862 nonnullis
1290 1798 1344 1882 (cf.
1364 1821 1469 1885 supra

241 1933 274 1996 p.
303 1910 356 1996 16)
380 1909 602 1997 respondetur
630 1908 792 1991 ,Eorum,
829 1929 911 1995 quos
936 1906 1090 1972 imitatus
1115 1910 1196 1972 est.“
1249 1905 1388 1992 Virgilii
1419 1907 1470 1973 in-

241 2015 359 2102 primis
379 2015 527 2101 vestigia
551 2013 685 2102 pressit,
711 2013 800 2103 quod
824 2014 915 2080 infra
937 2014 1047 2080 fusius
1071 2013 1384 2094 demonstrabimus
1410 2015 1471 2082 sed

242 2129 276 2190 et
301 2124 444 2190 aliorum
467 2131 507 2190 ut
530 2124 659 2205 Ovidii,
686 2124 833 2204 Tibulli,
858 2123 1013 2191 Lucani.
1033 2175 1065 2194 ..
1091 2124 1146 2209 (cf.
1164 2125 1470 2210 commentatores).

242 2229 392 2312 Quorum
425 2233 642 2320 profanorum
670 2238 849 2318 poetarum
872 2232 1025 2298 imitator
1048 2232 1183 2298 exstitit
1207 2255 1273 2297 non
1298 2232 1405 2297 solum
1428 2231 1466 2297 in

238 2339 352 2405 verbis
377 2340 610 2427 componendis
638 2340 857 2428 versibusque
881 2339 1063 2426 fingendis,
1098 2339 1156 2406 sed
1180 2340 1283 2405 etiam
1306 2337 1342 2403 in
1365 2338 1468 2404 rebus

243 2446 443 2512 tractandis.
491 2444 671 2511 Praeclare
703 2445 963 2510 Terentium
994 2449 1129 2510 secutus
1161 2451 1213 2510 est
1246 2444 1282 2508 in
1319 2443 1471 2531 epistula

246 2550 290 2614 ad
313 2550 545 2617 Macedonium
577 2539 705 2632 altera,
739 2574 813 2616 oum
830 2572 857 2614 a
881 2549 1181 2616 calumniatoribus
1206 2571 1241 2615 sa
1266 2549 1465 2616 defensurus

245 2661 314 2740 est,
339 2679 379 2723 ea
403 2659 489 2726 enim
512 2660 643 2726 ratione
667 2660 799 2726 eosdem
822 2658 959 2745 repellit
983 2681 1048 2746 qua
1067 2658 1246 2724 Terentius
1270 2658 1306 2722 in
1328 2658 1471 2746 prologo

244 2764 287 2828 ad
310 2763 476 2830 Andriam
500 2766 676 2832 malivolos
700 2772 828 2852 poetas.

346 2872 507 2941 Praestat
530 2875 620 2941 locos
644 2874 720 2940 illos
744 2873 906 2939 conferre.
950 2879 951 2882 ’

464 3002 612 3054 Terentius.
853 2984 855 3055 l
1111 3000 1242 3053 Sednlius.

239 3107 262 3139 r.
282 3094 320 3140 15.
351 3091 384 3141 m
403 3093 446 3143 isti
464 3093 613 3159 vituperant
627 3095 731 3159 factum
750 3105 826 3161 atque
852 3058 854 3123 1
953 3089 1029 3152 Siqlfi
1061 3093 1147 3140 lamen
1180 3091 1253 3140 istud
1280 3091 1398 3142 obiciant
1429 3093 1469 3143 fa·

473 3189 479 3196 '
559 3185 588 3234 in
608 3202 635 3235 ρο
654 3185 789 3250 disputant
881 3177 954 3227 ciunt
973 3193 1023 3227 nae
1042 3181 1224 3248 intelligendo,
1253 3187 1283 3233 ut
1301 3185 1369 3234 nibil
1387 3184 1463 3233 intel·

241 3269 422 3320 Contaminari
439 3289 491 3322 non
511 3272 598 3322 decere
612 3273 732 3338 fabulas.
881 3268 973 3331 ligant·
1011 3271 1077 3321 Nam
1102 3271 1127 3322 81
1145 3275 1277 3324 seculares
1297 3275 1402 3324 litteras
1421 3289 1462 3324 as·

240 3360 825 3430 Faciuntneintelligendo,atniiinteliepant?
851 3352 853 3415 1
881 3359 980 3421 secuti,
1010 3365 1056 3410 aui
1075 3361 1174 3412 divinis
1193 3361 1355 3413 videbuntur
1387 3364 1465 3414 libris

243 3450 296 3511 Qut
323 3470 396 3517 qaam
425 3453 492 3503 lium
521 3456 658 3516 accusarit,
693 3455 824 3507 Numam
880 3449 1013 3511 instructi,
1036 3450 1132 3500 debent
1151 3452 1270 3516 exempla
1288 3455 1407 3502 veterum
1425 3469 1465 3503 re-

561 3544 683 3594 Ptautum
697 3546 822 3600 mnium,
880 3550 995 3598 censere,
1024 3553 1057 3588 ne
1085 3538 1183 3589 similia
1202 3540 1317 3590 lacerare
1336 3536 1463 3592 conentur

238 3629 376 3688 Accusavit,
395 3648 457 3696 quos
467 3631 507 3680 bic
517 3640 601 3682 noster
614 3642 730 3685 auctores
740 3635 822 3687 habet.
880 3627 987 3679 iniuste·

238 3788 259 3821 0,
281 3775 314 3818 11.
334 3790 386 3822 raon
399 3773 437 3823 ito
450 3784 510 3824 ceint
524 3775 649 3826 dissimili
662 3789 822 3843 argumento,
951 3786 1004 3836 Nec
1031 3788 1145 3852 impares
1174 3793 1328 3854 argumente
1349 3791 1390 3840 vel
1419 3805 1460 3840 or-

557 3866 706 3916 irritamen
881 3871 957 3934 dine,
981 3873 1028 3924 sed
1053 3876 1116 3925 stilo
1141 3877 1266 3929 videntur
1291 3883 1317 3928 et
1343 3879 1462 3930 oratione

236 3945 367 3997 Dissimili
390 3951 491 4000 ratione
516 3961 576 4002 sant
595 3956 689 4019 factae
710 3976 738 4009 ea
758 3961 822 4012 stilo.
852 3931 854 4036 1
881 3963 1033 4018 dissimiles,

343 4051 460 4121 Plauti
484 4065 518 4122 et
545 4057 696 4128 Terentii
720 4065 906 4152 exemplum
937 4076 1072 4136 secutus
1103 4094 1217 4137 vocem
1249 4072 1460 4160 ,peniculus“

236 4180 296 4244 pro
332 4163 511 4249 ,spongia“
550 4165 706 4235 adhibuit
742 4169 953 4263 Sedulius1),
994 4198 1035 4242 ex
1070 4177 1187 4244 Plauti
1199 4179 1224 4266 ²)
1257 4180 1461 4245 auctoritate

347 4342 366 4411 ¹)
387 4347 414 4396 O.
429 4361 454 4410 p.
468 4346 493 4397 V
504 4345 557 4401 255
568 4348 702 4399 ,Peniculo
721 4351 844 4416 insa-snm
863 4356 964 4406 calamo
979 4359 1101 4422 porterit
1115 4361 1224 4410 acetum.
1251 4361 1322 4424 Opus
1336 4375 1362 4425 p.
1378 4375 1462 4427 „unus

236 4430 267 4481 de
286 4432 361 4496 plebe
380 4435 535 4486 saevissima
554 4439 741 4501 spongiam
766 4441 865 4492 calamo
891 4445 985 4494 nexuit
1011 4449 1037 4496 et
1062 4450 1164 4498 acetum
1183 4448 1240 4498 eius
1258 4449 1296 4499 ori
1316 4447 1461 4514 porrexit“.

343 4521 362 4590 ²)
382 4525 421 4577 cf.
436 4525 558 4578 Curculio
571 4529 606 4579 H.
622 4527 644 4588 l,
662 4527 694 4582 13
715 4529 752 4579 001
768 4550 922 4599 praesepem
941 4553 1021 4599 snam,
1042 4536 1109 4590 sud.
1130 4541 1175 4591 IV.
1196 4538 1220 4602 3,
1241 4537 1275 4594 99
1294 4541 1367 4589 intra
1382 4553 1463 4606 prae-

234 4610 303 4674 sepis
321 4629 397 4666 meas.
436 4617 494 4668 Cas.
516 4618 581 4682 prol.
601 4616 644 4672 57.
