3196 5196
754 340 977 402 ...16-

251 511 287 576 in
303 509 447 577 codicem
464 513 562 594 (saec.
580 510 675 596 XII.)
692 511 733 578 cl.
749 511 829 581 XII.
848 514 918 582 cod.
936 515 1014 584 VH.
1031 516 1143 598 incidi,
1169 521 1227 608 qui
1241 542 1328 586 nove
1344 527 1498 608 praeter

252 637 300 695 ea,
326 638 412 706 quae
437 619 515 686 aliia
539 620 636 687 libris
660 623 885 706 continentur,
910 625 991 692 mihi
1013 627 1181 714 praebuit.
1220 628 1261 694 In
1285 630 1346 696 hoa
1369 631 1491 698 codice

251 731 329 812 post
351 725 532 814 epistulam
555 730 583 796 Ι.
617 729 661 797 ed
684 731 916 799 Macedonium
940 733 1067 802 litteris
1090 735 1327 804 minutioribus
1351 739 1490 827 scripta

251 839 440 919 sequnntur
463 835 563 903 haec:

223 965 235 1002 1
355 939 522 1020 ,Seduliue
531 949 638 1030 primo
654 946 756 1010 laicae
774 950 806 1010 in
818 947 919 1012 Italia
934 950 1046 1013 didicit
1058 951 1297 1036 philosophiam.
1326 953 1490 1018 Genere

250 1047 372 1109 etiam
397 1050 455 1112 ita
466 1050 502 1114 li
510 1075 579 1115 cue
595 1051 648 1135 fu
657 1055 694 1116 it.
741 1053 851 1118 Postea
868 1068 1000 1118 metrum
1016 1056 1174 1120 heroicum
1191 1058 1366 1122 consulente
1377 1060 1483 1125 Mace-

249 1153 342 1218 donio
366 1153 509 1243 [petente]
533 1157 649 1222 docuit.
685 1155 819 1245 Scripsit
841 1173 943 1222 autem
965 1162 1019 1224 hoe
1035 1162 1133 1226 librae
1149 1163 1183 1226 in
1198 1162 1324 1227 Achaia
1339 1181 1478 1254 tempore

256 1260 476 1328 Valentiniani
496 1278 523 1330 et
551 1265 725 1331 Theodosii.
773 1267 939 1332 Possumus
963 1270 1014 1333 hie
1047 1269 1115 1334 VII
1135 1262 1352 1336 concideram:
1388 1273 1476 1352 Qum,

220 1371 344 1454 equid,
370 1396 441 1452 cerr,
466 1374 611 1457 qnando,
636 1377 697 1456 ubi,
722 1378 835 1464 qpibuc
856 1377 1066 1462 facultatibus
1090 1382 1111 1444 i.
1129 1404 1153 1443 a.
1180 1390 1314 1465 tempus,
1340 1383 1426 1447 locus
1451 1397 1482 1447 et

243 1500 388 1562 persona,
414 1505 472 1562 reo,
498 1507 604 1562 cauco,
632 1486 781 1570 qualitas,
798 1486 954 1571 facultas.
991 1487 1068 1565 erm
1082 1489 1182 1571 secel?
1207 1488 1364 1554 Seduliua
1393 1488 1482 1565 Quid

239 1587 346 1672 fecit?
378 1589 531 1668 Paschale
562 1614 701 1672 carmen,
735 1595 820 1680 quod
844 1645 851 1658 .
875 1646 881 1660 .
908 1645 915 1659 .
946 1597 984 1660 de
1015 1600 1109 1662 ueteri
1136 1611 1164 1660 et
1187 1623 1263 1662 nouo
1287 1609 1479 1664 testamento.

249 1692 314 1757 Cur
329 1695 436 1779 fecit?
462 1696 708 1780 antecedebat,
733 1701 818 1785 quod
837 1703 938 1788 pauci
958 1717 1071 1782 essent,
1098 1709 1151 1788 qui
1173 1703 1211 1766 de
1234 1705 1427 1770 humanitate
1451 1718 1481 1770 et

245 1801 465 1868 incarnatione
476 1804 644 1868 calcatoria
657 1808 783 1870 metrico
796 1831 888 1894 opere
901 1807 1033 1892 aliquod
1045 1809 1285 1894 opuejbcerent.
1315 1811 1479 1887 Quomodo

204 1939 229 1978 1o
243 1910 343 1991 fecit?
365 1913 499 1978 Metrico
515 1916 597 1994 stilo,
616 1939 679 1980 non
688 1919 844 2002 prosaice.
874 1915 1008 1993 Quando
1024 1917 1124 2000 fecit?
1163 1917 1314 2003 Tempore
1330 1917 1475 1982 uidelicet

247 2017 411 2084 Theodosii
434 2033 461 2085 et
492 2021 715 2089 Valentiniani.
770 2027 834 2090 Ubi
845 2025 952 2110 fecit?
978 2025 1020 2088 In
1042 2025 1178 2090 Achaia.
1226 2025 1346 2102 Quibus
1367 2027 1476 2109 facul·

242 2127 380 2191 tatibus?
403 2129 520 2192 Eorum
533 2153 611 2213 quoe
624 2133 762 2195 imitatus
774 2145 826 2198 eet.
848 2132 923 2196 Trea
935 2133 980 2216 (l)
995 2146 1075 2212 erent,
1089 2157 1109 2196 a
1122 2133 1234 2217 quidm
1245 2134 1386 2218 incipere
1396 2134 1473 2196 solet

242 2235 342 2296 omnic
351 2238 461 2315 cratia,
476 2247 531 2299 aut
543 2239 625 2300 enim
638 2238 795 2303 benevolae
804 2252 859 2303 aut
874 2239 990 2303 dociles
1003 2252 1058 2302 aut
1072 2252 1204 2302 attentae
1216 2239 1296 2324 [aut]
1309 2239 1477 2304 auditores*

242 2337 329 2402 debet
353 2339 485 2426 afficere.
521 2342 627 2406 Metro
651 2357 678 2407 et
702 2347 848 2408 carmina
872 2370 893 2408 a
916 2345 1024 2408 multia
1047 2346 1137 2408 rebus
1153 2356 1281 2408 calmunt
1296 2348 1471 2413 vocabula:

202 2467 420 2527 adnumera,
444 2472 464 2510 a
481 2448 627 2535 pedibus,
653 2449 693 2511 ab
717 2451 937 2530 incentoribus,
962 2475 982 2514 a
999 2450 1304 2536 frequentatoribus.
1337 2451 1388 2515 Ab
1414 2477 1475 2540 apo

242 2557 315 2641 (in),
340 2561 417 2621 sicut
440 2560 571 2644 epicum,
596 2549 721 2622 heroum
745 2563 837 2641 enim,
864 2561 922 2623 hoc
944 2574 996 2637 eet,
1021 2558 1317 2643 virorumfortium.
1350 2559 1472 2624 Herarn

242 2663 316 2749 (sic)
331 2666 412 2728 enim
424 2668 552 2750 antiqui
563 2680 679 2732 terram
694 2668 849 2732 dicebant.
874 2669 906 2732 A
921 2691 1051 2732 numero
1061 2667 1193 2754 pedam,
1208 2668 1288 2730 sicut
1299 2667 1341 2748 (l)
1351 2669 1467 2731 amami-

242 2784 334 2836 netur
357 2795 377 2834 a
396 2771 535 2857 pedibus
557 2774 638 2835 sicut
654 2771 854 2851 dactylicum.
879 2773 1160 2851 Abincentoribue,
1185 2773 1261 2836 secut
1275 2775 1466 2860 sapphicum,

242 2901 262 2940 a
286 2877 414 2964 Sappho
439 2880 520 2942 enim
544 2880 682 2964 quadam
697 2881 826 2966 femina
842 2881 961 2945 dictum
976 2882 1165 2968 sapphicum
1181 2904 1317 2944 carmen.
1349 2880 1380 2944 A
1401 2882 1466 2966 fre-

201 3007 227 3046 eo
242 2983 485 3068 quentatoribue,
511 2987 589 3048 sirm
611 2987 785 3050 sotadicum
806 3035 813 3049 .
834 3035 840 3049 .
860 3035 867 3049 .
887 3039 893 3051 .
910 3000 944 3049 ut
960 2987 1026 3073 epse
1042 2989 1086 3050 eic
1101 2999 1224 3050 vocatae
1246 2989 1296 3065 nit,
1320 2991 1371 3051 sed
1385 2989 1468 3072 quod

242 3112 274 3151 eo
299 3093 439 3156 carmine
462 3093 643 3178 frequenter
667 3119 741 3159 neue
764 3097 823 3172 sit,·
858 3097 1110 3175 anacreontium,
1136 3116 1154 3156 a
1178 3094 1314 3180 quodam
1336 3095 1469 3175 homine,

193 3237 195 3242 -
241 3198 300 3282 qai
319 3198 424 3262 dictus
448 3215 491 3264 eet
514 3201 726 3282 Anacreon.“¹
829 3275 832 3279 ⁸

347 3325 389 3390 In
404 3327 466 3393 hcc
483 3327 673 3414 fragmento
689 3352 744 3397 res
762 3329 1010 3396 diversissimas
1026 3329 1171 3395 tractari
1186 3334 1288 3416 atque
1306 3327 1467 3415 quasdem

243 3431 370 3497 nullius
394 3432 464 3498 fere
495 3433 616 3521 pretii,
653 3457 747 3512 nemo
779 3459 845 3526 non
869 3435 973 3502 videt.
1020 3434 1071 3501 At
1095 3457 1144 3514 ea,
1179 3456 1264 3523 quae
1296 3432 1468 3498 advitam

245 3537 376 3602 Sedulii
398 3538 588 3626 pertinent,
625 3540 725 3606 valde
748 3548 829 3607 sunt
859 3541 1087 3630 respicienda;
1124 3564 1202 3606 nam
1234 3563 1274 3606 ea
1304 3541 1408 3607 fidum
1429 3563 1469 3606 ac

244 3653 474 3733 praestantem
486 3643 608 3710 habere
622 3651 793 3712 auctorem
809 3646 910 3735 paulo
927 3647 1019 3713 infra
1031 3645 1148 3712 multis
1166 3645 1299 3712 docebo.
1326 3646 1466 3713 Coniun-

241 3753 335 3840 gitnr
366 3775 440 3819 oum
470 3750 525 3817 his
554 3774 679 3818 novum
716 3753 804 3820 illud
845 3755 1006 3821 indicium
1041 3775 1205 3842 genere
1242 3751 1469 3818 Sedulinm

242 3858 449 3926 italicum
465 3858 619 3926 fuisse.
646 3858 734 3926 Sane
749 3861 928 3927 dolendum
941 3869 994 3928 est
1006 3884 1067 3928 nos
1079 3861 1246 3947 ignorare,
1265 3883 1282 3924 e
1298 3882 1363 3946 quo
1376 3859 1467 3925 fonte

240 3967 396 4034 hauserit
419 3968 459 4048 ie,
485 3968 541 4056 qui
567 3970 726 4057 scripsit;
752 3970 811 4035 sed
834 3993 875 4036 ex
900 3993 937 4036 eo
961 3993 1027 4036 non
1051 3968 1236 4052 conficitur,
1262 3971 1303 4032 ub
1317 3965 1368 4032 rei
1385 3965 1469 4030 fides

241 4098 307 4142 non
330 4075 508 4144 habeatnr.
538 4079 701 4148 Attamen
727 4079 891 4146 accedunt
908 4079 986 4162 elin,
1011 4101 1097 4168 quae
1112 4078 1300 4167 opinionem
1317 4079 1466 4140 nostram

352 4348 369 4418 ¹)
389 4349 493 4401 Codicis
512 4349 651 4400 lectiones:
683 4346 803 4403 litatio.
829 4353 845 4398 2
869 4349 960 4400 croton.
987 4348 1162 4399 attenuato.
1190 4347 1338 4397 urrietrica.
1360 4348 1393 4394 10
1413 4343 1464 4408 ipre

243 4454 285 4512 (ex
304 4420 357 4510 ητα)
378 4443 498 4495 uidelicet·
516 4441 640 4493 theodotii
658 4442 682 4491 el·
701 4441 885 4493 valentiniani.
905 4443 936 4490 13
945 4441 1040 4492 oracio.
1061 4443 1092 4490 13
1102 4440 1236 4490 berricolm.
1258 4442 1289 4488 15
1299 4436 1372 4502 apeh.
1391 4438 1423 4484 16
1432 4433 1466 4484 rii

243 4533 373 4602 (semper).
410 4537 440 4582 17
458 4541 543 4592 terra,
569 4528 657 4595 pediti.
689 4531 721 4578 18
746 4529 906 4579 dactilicum.
944 4531 975 4578 18
1000 4529 1116 4594 aaphicel.
1146 4533 1176 4576 19
1199 4528 1290 4593 rapha.
1319 4527 1349 4571 m
1373 4521 1465 4587 quadri,

242 4623 355 4691 cophini.
384 4627 422 4676 20
440 4621 565 4672 eod’aied.
593 4622 624 4669 21
642 4618 751 4670 novitiae.
772 4621 807 4667 22
824 4635 844 4668 e.
