3196 5196
690 420 912 482 ,35-

185 589 228 654 de
244 588 308 655 hac
324 611 361 656 rc
387 591 572 678 opinionem
593 593 784 675 afferamus,
811 595 851 661 de
876 595 1010 664 decreto
1028 598 1163 667 Gelasii
1185 625 1295 691 papae
1318 607 1414 673 nobis

186 697 356 784 agendum
386 702 438 763 est
469 697 529 763 illo
566 701 624 774 ,de
655 700 753 766 libris
784 700 985 788 recipiendis
1009 705 1065 771 vel
1088 728 1154 773 non
1178 709 1411 796 recipiendis“.

181 801 227 868 ln
251 803 312 868 hoc
337 804 470 870 decreto
494 805 656 891 postremi
678 806 847 871 Iuvencus
873 814 907 873 00
932 806 1090 875 Sedulius
1114 835 1183 878 una
1214 814 1412 902 laudantur,

181 933 327 999 quorum
352 934 453 998 opera
485 915 526 978 ab
552 913 692 979 ecclesia
725 917 957 1002 approbantur
991 941 1017 983 c.
1043 923 1086 986 34
1123 921 1241 1004 (Arev.
1264 949 1296 1012 p.
1321 929 1436 1016 419).-

157 1092 161 1100 ,
188 1018 286 1098 ,Item
302 1019 489 1082 venerabilis
504 1021 570 1082 riri
585 1017 713 1083 Sedniii
729 1022 879 1107 paschale
896 1046 983 1108 opus,
1003 1028 1084 1110 quod
1100 1027 1232 1094 heroicis
1249 1034 1415 1124 descripsit

183 1123 323 1185 versibus
346 1125 469 1210 insigni
488 1124 583 1188 lande
603 1128 826 1210 praeferimus.
867 1128 947 1191 Item
970 1129 1110 1211 quenci,
1136 1136 1343 1204 nibilominus
1366 1144 1411 1205 la·

179 1231 337 1294 boriosam
361 1253 436 1306 opas
459 1253 520 1293 000
545 1233 721 1315 spernimus
743 1231 799 1294 sed
822 1234 1041 1318 mi'ramar.“¹)
1074 1235 1182 1304 Valde
1200 1241 1412 1328 disputatum

180 1345 236 1403 est
262 1339 302 1402 de
325 1344 492 1426 tempore,
527 1361 590 1426 quo
616 1327 788 1403 decretum
812 1340 940 1404 factum
969 1340 1016 1406 sit
1048 1343 1104 1431 (cf.
1133 1346 1280 1436 Herzog,
1311 1353 1411 1421 10001-

177 1446 309 1532 encycl.
336 1471 360 1513 s.
389 1446 547 1512 Gelasius
571 1447 610 1527 Ι.,
637 1446 742 1514 AreV.
768 1448 875 1534 praef.
900 1473 932 1536 p.
959 1453 1002 1517 80
1034 1456 1127 1539 seq.).
1167 1453 1230 1521 Sel
1266 1467 1300 1526 et
1323 1463 1410 1531 hanc

177 1555 410 1641 quaestionem
442 1557 485 1620 ad
515 1556 613 1620 finem
638 1556 774 1622 duxisse
797 1557 969 1643 putandus
994 1567 1046 1625 est
1071 1560 1213 1628 Rossius
1245 1588 1284 1630 ex
1309 1589 1408 1654 argu·

176 1665 387 1730 mentatione
412 1687 516 1751 supra
540 1671 701 1730 enarrata
724 1665 787 1758 tali
811 1666 847 1751 (l.
866 1689 890 1731 c.
909 1689 940 1751 p.
958 1669 1037 1750 404)
1067 1668 1206 1758 „ltaque
1231 1674 1404 1742 celeberri-

176 1793 267 1834 mum
294 1771 424 1836 Gelasii
450 1771 621 1836 decretum
647 1770 688 1834 de
712 1770 809 1835 libris
833 1793 916 1857 quos
942 1770 1099 1838 Romana
1123 1775 1246 1863 recipit
1270 1781 1325 1845 vel
1349 1782 1406 1848 im-

175 1881 298 1966 probat
312 1879 462 1959 ecclesia,
482 1879 522 1944 de
534 1879 630 1945 cuius
644 1884 757 1944 aetate
775 1877 950 1944 Seduliani
967 1881 1078 1968 operis
1097 1903 1198 1950 causa
1216 1885 1407 1951 dubitatum

173 1990 356 2074 tantopere
389 1991 457 2065 est,
491 2007 579 2050 nunc
610 1985 741 2049 demum
771 1985 958 2050 certamin
983 1987 1267 2057 ecclesiaefastis
1292 1994 1405 2059 sedem
1492 2023 1495 2028 ·

177 2095 393 2160 nanciscetur
417 2116 503 2157 anno
528 2114 645 2179 nempe
669 2097 734 2160 495
758 2094 813 2158 vel
837 2098 936 2161 laa‘.
961 2133 1005 2142 —-
1029 2096 1078 2161 At
1104 2119 1144 2161 ex
1161 2098 1310 2165 codicum
1329 2124 1404 2169 auc-

177 2202 322 2266 toritate
340 2201 394 2285 (ci.
414 2223 517 2289 supra
533 2225 565 2288 p.
581 2205 638 2282 33)
661 2202 846 2266 verisimile
870 2208 922 2267 est
940 2225 1026 2269 anno
1043 2208 1109 2271 496
1127 2206 1296 2275 decretum
1320 2211 1423 2278 illud·

176 2311 352 2397 prodiisse.
377 2310 520 2376 Accedit
536 2311 691 2377 alterum.
716 2310 860 2396 Legitur
884 2312 1054 2378 nonnullis
1079 2314 1111 2379 in
1140 2316 1308 2384 codicibus
1336 2320 1405 2407 ple-

174 2440 316 2505 rumquc
332 2424 409 2506 post
425 2418 511 2482 illud
528 2417 568 2483 de
581 2417 712 2483 Asterii
736 2417 882 2483 editione
905 2418 1133 2504 fragmentum
1146 2407 1170 2511 ²)
1195 2423 1402 2510 epigramma

179 2525 378 2605 ,eiusdem“,
413 2523 506 2589 cuius
544 2522 612 2588 iam
643 2522 843 2587 mentionem
881 2521 1021 2587 fecimus
1056 2525 1111 2612 (cf.
1136 2526 1180 2592 A.
1209 2526 1231 2592 l.
1256 2533 1326 2596 491Ι
1347 2532 1400 2610 R,

172 2657 277 2721 supra
301 2657 332 2720 p.
360 2637 402 2698 33
427 2655 503 2698 ann.
529 2631 593 2718 2.):

328 2746 417 2805 Serme
440 2765 525 2805 sacer
548 2744 665 2804 meritis
687 2743 808 2805 veracis
831 2742 913 2805 (ic'cta
935 2757 1054 2828 poetae,

328 2852 413 2929 Quae
436 2855 502 2916 sine
516 2852 666 2938 figmenti
687 2853 810 2914 condita
832 2865 905 2914 saint
926 2855 1011 2917 nitio,

323 2959 389 3035 Quo
414 2971 498 3022 earet
523 2959 610 3021 aima
625 2959 717 3042 fides,
744 2981 803 3042 quc
828 2959 931 3020 saneti
952 2960 1061 3044 prata‘a
1089 2960 1216 3042 Christi,

320 3065 478 3150 Perquam
501 3068 602 3129 instas
626 3069 671 3128 ait
694 3066 775 3128 talia
799 3063 955 3129 Sednn'as.

319 3172 497 3256 Asteriiqae
520 3173 570 3234 tni
589 3194 709 3256 semper
732 3171 907 3234 meminisse
930 3171 1031 3234 iubeto
1059 3171 1115 3254 (al.
1141 3173 1258 3259 debete)

323 3279 445 3344 Caius
469 3301 541 3363 ope
565 3289 600 3340 et
624 3300 719 3339 cara
742 3276 858 3339 edita
881 3278 1183 3362 santpopaiis.

324 3389 419 3465 Quem
443 3389 584 3472 quamvis
607 3389 723 3450 summi
745 3387 894 3450 celebrent
914 3411 974 3472 per
997 3388 1126 3450 saecuta
1149 3388 1256 3472 fastus

317 3495 394 3558 Plus
418 3507 522 3558 tamen
546 3494 590 3557 ad
612 3497 757 3558 meritam
781 3505 841 3573 est,
866 3497 895 3556 si
917 3496 998 3580 repet
1021 3518 1072 3557 ore
1096 3503 1156 3558 ao.

272 3599 377 3664 Nemo
401 3623 467 3663 non
483 3599 576 3664 videt
600 3597 661 3664 hcc
677 3598 883 3684 epigramma
899 3620 971 3662 0000
989 3620 1123 3663 carmen
1136 3598 1390 3679 dedicatoriam,

162 3709 253 3798 quod
276 3707 437 3774 Asterius
462 3705 602 3772 editioni
633 3705 817 3771 carminum
842 3703 971 3771 Sedulii
1007 3705 1278 3792 praescripserit.
1328 3704 1393 3772 Sed

161 3815 350 3904 quaeritur,
376 3813 431 3878 cui
453 3811 613 3878 Asterius
638 3810 818 3876 editionem
842 3810 1075 3876 dedicaverit?
1124 3810 1211 3892 Quis
1247 3813 1306 3880 ille
1342 3820 1394 3880 000

165 3946 284 4004 „sacer
317 3921 479 4000 meritis“,
517 3921 572 3986 cui
605 3920 736 3985 veracis
773 3919 864 3985 diota
899 3925 1020 4006 poetae
1045 3920 1322 3986 commendantur
1359 3928 1394 3988 et

160 4030 257 4094 cuius
281 4029 429 4115 gratiam
457 4028 520 4093 sibi
544 4025 785 4094 conciliaturus
810 4033 863 4094 est
886 4026 1069 4093 Asterius?
1094 4027 1291 4114 Respondet
1314 4027 1393 4095 Lu·

272 4243 290 4310 1)
309 4245 366 4295 Ηο0
386 4245 485 4296 Golasii
512 4244 644 4294 decretum
664 4243 692 4292 in
710 4244 845 4294 nonnullis
866 4243 945 4293 ctiam
972 4243 1048 4296 codd.
1070 4243 1221 4294 Sedulianis
1242 4244 1340 4307 legitur
1360 4248 1391 4296 ut

159 4334 189 4384 iu
207 4333 327 4384 Ambros
347 4334 378 4384 R.
398 4331 441 4394 46,
463 4333 496 4383 0.·
509 4330 551 4394 64,
571 4333 596 4382 J.
617 4328 650 4384 35
680 4330 739 4395 (qui
753 4349 816 4397 pro
820 4331 935 4396 ferimur
961 4329 1106 4398 exhibent).
1147 4331 1265 4384 Additur
1283 4333 1312 4384 iu
1332 4335 1390 4388 cod.

157 4423 185 4473 J.
205 4420 239 4475 35
260 4423 354 4490 „uerba
369 4437 460 4488 papae
476 4421 576 4486 pelagii
595 4417 656 4486 (sic)
676 4431 703 4467 ut
722 4418 785 4468 baec
803 4419 913 4469 intuenti
932 4417 1058 4484 pareunt

269 4512 291 4580 ²)
309 4515 341 4564 In
358 4511 590 4568 ccd.Par.14143
609 4514 698 4579 capita
711 4513 749 4562 ita
762 4526 790 4562 sc
804 4511 948 4575 excipiunt.
972 4511 1095 4575 Epistula
1115 4509 1149 4560 ad
1174 4509 1391 4574 Macedonium,

157 4604 333 4669 subscriptio:
353 4605 399 4654 boc
418 4621 545 4670 opns...
570 4603 700 4668 patricio,
728 4601 858 4666 incipiant
887 4617 978 4650 vernas
1007 4599 1136 4649 eiusdem:
1165 4614 1236 4648 meme
1255 4614 1328 4648 sacer
1342 4637 1348 4650 .
1363 4637 1392 4650 ..

158 4695 254 4761 incipit
267 4694 410 4762 praefacio
425 4693 562 4761 paschalis
581 4695 723 4746 carminis:
738 4693 946 4759 paschalem...

1246 4776 1283 4832 3*
