<?xml version="1.0" encoding="UTF-8"?>
<!DOCTYPE html PUBLIC "-//W3C//DTD XHTML 1.0 Transitional//EN"
    "http://www.w3.org/TR/xhtml1/DTD/xhtml1-transitional.dtd">
<html xmlns="http://www.w3.org/1999/xhtml" xml:lang="en" lang="en">
 <head>
  <title>
</title>
<meta http-equiv="Content-Type" content="text/html;charset=utf-8" />
  <meta name='ocr-system' content='tesseract 3.04.00' />
  <meta name='ocr-capabilities' content='ocr_page ocr_carea ocr_par ocr_line ocrx_word'/>
</head>
<body>
  <div class='ocr_page' id='page_1' title='image "./deseduliipoetae00sedugoog_0028.png"; bbox 0 0 3196 5196; ppageno 0'>
   <div class='ocr_carea' id='block_1_1' title="bbox 618 361 841 424">
    <p class='ocr_par' dir='ltr' id='par_1_1' title="bbox 618 361 841 424">
     <span class='ocr_line' id='line_1_1' title="bbox 618 361 841 424; baseline 0 -18"><span class='ocrx_word' id='word_1_1' title='bbox 618 361 841 424; x_wconf 65' lang='lat'><strong>„17-</strong></span> 
     </span>
    </p>
   </div>
   <div class='ocr_carea' id='block_1_2' title="bbox 111 533 1341 1803">
    <p class='ocr_par' dir='ltr' id='par_1_2' title="bbox 112 533 1341 1268">
     <span class='ocr_line' id='line_1_2' title="bbox 112 533 1341 622; baseline 0.004 -23"><span class='ocrx_word' id='word_1_2' title='bbox 112 533 251 600; x_wconf 85' lang='lat' dir='ltr'><em>Italiam</em></span> <span class='ocrx_word' id='word_1_3' title='bbox 276 533 406 600; x_wconf 84' lang='lat' dir='ltr'><em>Sedulii</em></span> <span class='ocrx_word' id='word_1_4' title='bbox 429 535 577 622; x_wconf 89' lang='lat' dir='ltr'><em>patriam</em></span> <span class='ocrx_word' id='word_1_5' title='bbox 600 535 712 602; x_wconf 81' lang='lat' dir='ltr'><em>fuisse</em></span> <span class='ocrx_word' id='word_1_6' title='bbox 734 536 880 604; x_wconf 87' lang='lat' dir='ltr'><em>firmant.</em></span> <span class='ocrx_word' id='word_1_7' title='bbox 920 536 1185 605; x_wconf 64' lang='lat' dir='ltr'><em>Al‘dhclmus</em></span> <span class='ocrx_word' id='word_1_8' title='bbox 1208 537 1244 604; x_wconf 91' lang='lat' dir='ltr'><em>in</em></span> <span class='ocrx_word' id='word_1_9' title='bbox 1268 560 1341 604; x_wconf 89' lang='lat' dir='ltr'><em>car-</em></span> 
     </span>
     <span class='ocr_line' id='line_1_3' title="bbox 112 641 1338 732; baseline 0.001 -25"><span class='ocrx_word' id='word_1_10' title='bbox 112 641 245 730; x_wconf 74' lang='grc'><strong>311331),</strong></span> <span class='ocrx_word' id='word_1_11' title='bbox 283 641 372 729; x_wconf 88' lang='lat' dir='ltr'><em>quod</em></span> <span class='ocrx_word' id='word_1_12' title='bbox 393 664 500 730; x_wconf 90' lang='lat' dir='ltr'><em>nuper</em></span> <span class='ocrx_word' id='word_1_13' title='bbox 525 641 631 708; x_wconf 88' lang='lat' dir='ltr'><em>edidit</em></span> <span class='ocrx_word' id='word_1_14' title='bbox 653 641 786 708; x_wconf 85' lang='lat' dir='ltr'><em>Jaffeus</em></span> <span class='ocrx_word' id='word_1_15' title='bbox 822 641 925 731; x_wconf 77' lang='lat' dir='ltr'><em>(Mon.</em></span> <span class='ocrx_word' id='word_1_16' title='bbox 951 643 1039 730; x_wconf 85' lang='lat' dir='ltr'><em>Meg.</em></span> <span class='ocrx_word' id='word_1_17' title='bbox 1065 666 1099 732; x_wconf 87' lang='lat' dir='ltr'><em>p.</em></span> <span class='ocrx_word' id='word_1_18' title='bbox 1125 647 1165 710; x_wconf 82' lang='lat'><em>41</em></span> <span class='ocrx_word' id='word_1_19' title='bbox 1184 646 1266 732; x_wconf 88' lang='lat' dir='ltr'><em>seq.)</em></span> <span class='ocrx_word' id='word_1_20' title='bbox 1297 642 1338 709; x_wconf 89' lang='lat' dir='ltr'><em>de</em></span> 
     </span>
     <span class='ocr_line' id='line_1_4' title="bbox 113 733 664 835; baseline 0.004 -21"><span class='ocrx_word' id='word_1_21' title='bbox 113 746 250 815; x_wconf 85' lang='lat' dir='ltr'><em>Sedulio</em></span> <span class='ocrx_word' id='word_1_22' title='bbox 275 747 357 814; x_wconf 86' lang='lat' dir='ltr'><em>dicit</em></span> <span class='ocrx_word' id='word_1_23' title='bbox 378 733 461 815; x_wconf 83' lang='lat' dir='ltr'><em>haec</em></span> <span class='ocrx_word' id='word_1_24' title='bbox 486 752 531 835; x_wconf 83' lang='lat' dir='ltr'><em>(v,</em></span> <span class='ocrx_word' id='word_1_25' title='bbox 557 755 577 818; x_wconf 87' lang='lat'><strong>3</strong></span> <span class='ocrx_word' id='word_1_26' title='bbox 604 753 664 832; x_wconf 81' lang='lat' dir='ltr'><em>e.):</em></span> 
     </span>
     <span class='ocr_line' id='line_1_5' title="bbox 158 856 979 942; baseline 0.001 -23"><span class='ocrx_word' id='word_1_27' title='bbox 158 856 420 942; x_wconf 76' lang='lat' dir='ltr'><em>quemadmodum</em></span> <span class='ocrx_word' id='word_1_28' title='bbox 442 857 597 932; x_wconf 66' lang='lat' dir='ltr'><em>mellificis</em></span> <span class='ocrx_word' id='word_1_29' title='bbox 619 857 815 922; x_wconf 81' lang='lat' dir='ltr'><em>heroicorum</em></span> <span class='ocrx_word' id='word_1_30' title='bbox 836 858 979 924; x_wconf 83' lang='lat' dir='ltr'><em>uorsibus</em></span> 
     </span>
     <span class='ocr_line' id='line_1_6' title="bbox 157 961 1294 1054; baseline 0.001 -26"><span class='ocrx_word' id='word_1_31' title='bbox 157 961 587 1052; x_wconf 66' lang='lat' dir='ltr'><em>iudustris&#39;quoudum</em></span> <span class='ocrx_word' id='word_1_32' title='bbox 606 981 731 1054; x_wconf 79' lang='lat' dir='ltr'><em>poeto</em></span> <span class='ocrx_word' id='word_1_33' title='bbox 754 966 901 1030; x_wconf 84' lang='lat' dir='ltr'><em>Romae</em></span> <span class='ocrx_word' id='word_1_34' title='bbox 924 967 1048 1031; x_wconf 82' lang='lat' dir='ltr'><em>urbis</em></span> <span class='ocrx_word' id='word_1_35' title='bbox 1071 969 1294 1054; x_wconf 79' lang='lat' dir='ltr'><em>iudiqeuu‚</em></span> 
     </span>
     <span class='ocr_line' id='line_1_7' title="bbox 157 1073 922 1160; baseline 0.003 -25"><span class='ocrx_word' id='word_1_36' title='bbox 157 1073 227 1136; x_wconf 81' lang='lat' dir='ltr'><em>stili</em></span> <span class='ocrx_word' id='word_1_37' title='bbox 247 1073 370 1137; x_wconf 77' lang='lat' dir='ltr'><em>catomo</em></span> <span class='ocrx_word' id='word_1_38' title='bbox 393 1075 528 1138; x_wconf 79' lang='lat' dir='ltr'><em>stridulo</em></span> <span class='ocrx_word' id='word_1_39' title='bbox 554 1088 727 1140; x_wconf 77' lang='lat' dir='ltr'><em>curamonta</em></span> <span class='ocrx_word' id='word_1_40' title='bbox 745 1075 922 1160; x_wconf 79' lang='lat' dir='ltr'><em>perseduiO,</em></span> 
     </span>
     <span class='ocr_line' id='line_1_8' title="bbox 157 1181 1091 1268; baseline 0.004 -26"><span class='ocrx_word' id='word_1_41' title='bbox 157 1183 259 1244; x_wconf 75' lang='lat' dir='ltr'><em>sacris</em></span> <span class='ocrx_word' id='word_1_42' title='bbox 282 1182 393 1245; x_wconf 80' lang='lat' dir='ltr'><em>inserit</em></span> <span class='ocrx_word' id='word_1_43' title='bbox 414 1183 551 1247; x_wconf 73' lang='lat' dir='ltr'><em>scedulis</em></span> <span class='ocrx_word' id='word_1_44' title='bbox 575 1183 840 1268; x_wconf 74' lang='lat' dir='ltr'><em>doctiloquus</em></span> <span class='ocrx_word' id='word_1_45' title='bbox 863 1181 1091 1258; x_wconf 81' lang='lat' dir='ltr'><em>Scdulius;</em></span> 
     </span>
    </p>

    <p class='ocr_par' dir='ltr' id='par_1_3' title="bbox 111 1275 1339 1803">
     <span class='ocr_line' id='line_1_9' title="bbox 220 1283 1339 1372; baseline 0.001 -22"><span class='ocrx_word' id='word_1_46' title='bbox 220 1284 266 1350; x_wconf 90' lang='lat' dir='ltr'><em>Hi</em></span> <span class='ocrx_word' id='word_1_47' title='bbox 283 1283 455 1350; x_wconf 88' lang='lat' dir='ltr'><em>Aldhelmi</em></span> <span class='ocrx_word' id='word_1_48' title='bbox 479 1308 609 1366; x_wconf 84' lang='lat' dir='ltr'><em>versus,</em></span> <span class='ocrx_word' id='word_1_49' title='bbox 634 1286 671 1352; x_wconf 70' lang='lat' dir='ltr'><em>si&#39;</em></span> <span class='ocrx_word' id='word_1_50' title='bbox 687 1291 778 1352; x_wconf 88' lang='lat' dir='ltr'><em>recte</em></span> <span class='ocrx_word' id='word_1_51' title='bbox 794 1285 1069 1372; x_wconf 73' lang='lat' dir='ltr'><em>interpretamur,</em></span> <span class='ocrx_word' id='word_1_52' title='bbox 1095 1286 1197 1351; x_wconf 86' lang='lat' dir='ltr'><em>etiam</em></span> <span class='ocrx_word' id='word_1_53' title='bbox 1213 1287 1339 1368; x_wconf 88' lang='lat' dir='ltr'><em>urbem,</em></span> 
     </span>
     <span class='ocr_line' id='line_1_10' title="bbox 111 1389 1338 1482; baseline 0.004 -26"><span class='ocrx_word' id='word_1_54' title='bbox 111 1389 148 1456; x_wconf 89' lang='lat' dir='ltr'><em>in</em></span> <span class='ocrx_word' id='word_1_55' title='bbox 171 1414 238 1479; x_wconf 87' lang='lat' dir='ltr'><em>que</em></span> <span class='ocrx_word' id='word_1_56' title='bbox 260 1400 361 1482; x_wconf 88' lang='lat' dir='ltr'><em>poeta</em></span> <span class='ocrx_word' id='word_1_57' title='bbox 382 1399 484 1462; x_wconf 89' lang='lat' dir='ltr'><em>natus</em></span> <span class='ocrx_word' id='word_1_58' title='bbox 508 1396 563 1478; x_wconf 89' lang='lat' dir='ltr'><em>sit,</em></span> <span class='ocrx_word' id='word_1_59' title='bbox 588 1396 750 1463; x_wconf 86' lang='lat' dir='ltr'><em>indicant.</em></span> <span class='ocrx_word' id='word_1_60' title='bbox 791 1397 876 1462; x_wconf 85' lang='lat' dir='ltr'><em>Eius</em></span> <span class='ocrx_word' id='word_1_61' title='bbox 892 1401 1008 1462; x_wconf 89' lang='lat' dir='ltr'><em>autem</em></span> <span class='ocrx_word' id='word_1_62' title='bbox 1023 1397 1213 1462; x_wconf 89' lang='lat' dir='ltr'><em>auctoritas</em></span> <span class='ocrx_word' id='word_1_63' title='bbox 1236 1400 1338 1462; x_wconf 87' lang='lat' dir='ltr'><em>tanta</em></span> 
     </span>
     <span class='ocr_line' id='line_1_11' title="bbox 113 1502 1335 1589; baseline 0.004 -25"><span class='ocrx_word' id='word_1_64' title='bbox 113 1505 183 1580; x_wconf 89' lang='lat' dir='ltr'><em>est,</em></span> <span class='ocrx_word' id='word_1_65' title='bbox 217 1505 257 1566; x_wconf 94' lang='lat' dir='ltr'><em>ut</em></span> <span class='ocrx_word' id='word_1_66' title='bbox 287 1502 391 1567; x_wconf 89' lang='lat' dir='ltr'><em>verba</em></span> <span class='ocrx_word' id='word_1_67' title='bbox 421 1502 457 1566; x_wconf 92' lang='lat' dir='ltr'><em>in</em></span> <span class='ocrx_word' id='word_1_68' title='bbox 480 1502 617 1568; x_wconf 90' lang='lat' dir='ltr'><em>dubium</em></span> <span class='ocrx_word' id='word_1_69' title='bbox 641 1525 760 1568; x_wconf 89' lang='lat' dir='ltr'><em>vocare</em></span> <span class='ocrx_word' id='word_1_70' title='bbox 783 1526 849 1569; x_wconf 91' lang='lat' dir='ltr'><em>non</em></span> <span class='ocrx_word' id='word_1_71' title='bbox 871 1503 992 1583; x_wconf 88' lang='lat' dir='ltr'><em>liceat,</em></span> <span class='ocrx_word' id='word_1_72' title='bbox 1028 1503 1237 1589; x_wconf 88' lang='lat' dir='ltr'><em>praesertim</em></span> <span class='ocrx_word' id='word_1_73' title='bbox 1260 1527 1335 1570; x_wconf 90' lang='lat' dir='ltr'><em>cum</em></span> 
     </span>
     <span class='ocr_line' id='line_1_12' title="bbox 112 1605 1339 1696; baseline 0.004 -27"><span class='ocrx_word' id='word_1_74' title='bbox 112 1605 239 1671; x_wconf 89' lang='lat' dir='ltr'><em>modico</em></span> <span class='ocrx_word' id='word_1_75' title='bbox 262 1607 445 1674; x_wconf 85' lang='lat' dir='ltr'><em>intervallo</em></span> <span class='ocrx_word' id='word_1_76' title='bbox 470 1609 576 1675; x_wconf 88' lang='lat' dir='ltr'><em>distet</em></span> <span class='ocrx_word' id='word_1_77' title='bbox 599 1633 619 1675; x_wconf 92' lang='lat' dir='ltr'><em>a</em></span> <span class='ocrx_word' id='word_1_78' title='bbox 643 1608 828 1675; x_wconf 86' lang='lat' dir='ltr'><em>Seduliana</em></span> <span class='ocrx_word' id='word_1_79' title='bbox 851 1614 978 1676; x_wconf 85' lang='lat' dir='ltr'><em>aetate.</em></span> <span class='ocrx_word' id='word_1_80' title='bbox 1024 1607 1177 1696; x_wconf 88' lang='lat' dir='ltr'><em>Denique</em></span> <span class='ocrx_word' id='word_1_81' title='bbox 1204 1607 1242 1672; x_wconf 92' lang='lat' dir='ltr'><em>in</em></span> <span class='ocrx_word' id='word_1_82' title='bbox 1265 1608 1339 1674; x_wconf 84' lang='lat' dir='ltr'><em>Tri·</em></span> 
     </span>
     <span class='ocr_line' id='line_1_13' title="bbox 111 1709 1338 1803; baseline 0.004 -28"><span class='ocrx_word' id='word_1_83' title='bbox 111 1709 231 1776; x_wconf 88' lang='lat' dir='ltr'><em>themii</em></span> <span class='ocrx_word' id='word_1_84' title='bbox 246 1713 320 1778; x_wconf 85' lang='lat' dir='ltr'><em>vita</em></span> <span class='ocrx_word' id='word_1_85' title='bbox 337 1713 475 1794; x_wconf 72' lang='lat' dir='ltr'><em>sedulii,</em></span> <span class='ocrx_word' id='word_1_86' title='bbox 495 1737 591 1803; x_wconf 88' lang='lat' dir='ltr'><em>quem</em></span> <span class='ocrx_word' id='word_1_87' title='bbox 607 1713 740 1802; x_wconf 89' lang='lat' dir='ltr'><em>quidem</em></span> <span class='ocrx_word' id='word_1_88' title='bbox 755 1719 908 1780; x_wconf 91' lang='lat' dir='ltr'><em>nostrum</em></span> <span class='ocrx_word' id='word_1_89' title='bbox 924 1719 959 1780; x_wconf 90' lang='lat' dir='ltr'><em>et</em></span> <span class='ocrx_word' id='word_1_90' title='bbox 976 1713 1151 1780; x_wconf 86' lang='lat' dir='ltr'><em>Sedulium</em></span> <span class='ocrx_word' id='word_1_91' title='bbox 1164 1713 1338 1795; x_wconf 90' lang='lat' dir='ltr'><em>iuniorem,</em></span> 
     </span>
    </p>
   </div>
   <div class='ocr_carea' id='block_1_3' title="bbox 112 1818 1447 1907">
    <p class='ocr_par' dir='ltr' id='par_1_4' title="bbox 112 1818 1447 1907">
     <span class='ocr_line' id='line_1_14' title="bbox 112 1818 1447 1907; baseline -0.001 -21"><span class='ocrx_word' id='word_1_92' title='bbox 112 1819 249 1886; x_wconf 88' lang='lat' dir='ltr'><em>Scotum</em></span> <span class='ocrx_word' id='word_1_93' title='bbox 273 1822 363 1904; x_wconf 89' lang='lat' dir='ltr'><em>dice,</em></span> <span class='ocrx_word' id='word_1_94' title='bbox 389 1820 601 1887; x_wconf 80' lang='lat' dir='ltr'><em>confundisse</em></span> <span class='ocrx_word' id='word_1_95' title='bbox 626 1842 729 1907; x_wconf 89' lang='lat' dir='ltr'><em>supra</em></span> <span class='ocrx_word' id='word_1_96' title='bbox 754 1819 916 1900; x_wconf 80' lang='lat' dir='ltr'><em>diximus,</em></span> <span class='ocrx_word' id='word_1_97' title='bbox 950 1818 1119 1906; x_wconf 86' lang='lat' dir='ltr'><em>legimus:</em></span> <span class='ocrx_word' id='word_1_98' title='bbox 1152 1823 1338 1906; x_wconf 89' lang='lat' dir='ltr'><em>„postremo</em></span> <span class='ocrx_word' id='word_1_99' title='bbox 1445 1849 1447 1854; x_wconf 95' lang='lat'>·</span> 
     </span>
    </p>
   </div>
   <div class='ocr_carea' id='block_1_4' title="bbox 22 1924 1339 2334">
    <p class='ocr_par' dir='ltr' id='par_1_5' title="bbox 22 1924 1339 2334">
     <span class='ocr_line' id='line_1_15' title="bbox 110 1924 1339 1994; baseline -0.001 -3"><span class='ocrx_word' id='word_1_100' title='bbox 110 1925 263 1992; x_wconf 82' lang='lat' dir='ltr'><em>Achaiae</em></span> <span class='ocrx_word' id='word_1_101' title='bbox 285 1927 408 1994; x_wconf 89' lang='lat' dir='ltr'><em>finibus</em></span> <span class='ocrx_word' id='word_1_102' title='bbox 432 1928 594 1994; x_wconf 84' lang='lat' dir='ltr'><em>excedens</em></span> <span class='ocrx_word' id='word_1_103' title='bbox 626 1929 668 1994; x_wconf 87' lang='lat' dir='ltr'><em>in</em></span> <span class='ocrx_word' id='word_1_104' title='bbox 699 1929 803 1994; x_wconf 90' lang='lat' dir='ltr'><em>urbe</em></span> <span class='ocrx_word' id='word_1_105' title='bbox 828 1925 957 1992; x_wconf 79' lang='lat' dir='ltr'><em>Roma</em></span> <span class='ocrx_word' id='word_1_106' title='bbox 992 1924 1147 1992; x_wconf 83' lang='lat' dir='ltr'><em>mirabili</em></span> <span class='ocrx_word' id='word_1_107' title='bbox 1185 1924 1339 1990; x_wconf 89' lang='lat' dir='ltr'><em>doctrina</em></span> 
     </span>
     <span class='ocr_line' id='line_1_16' title="bbox 111 2027 1338 2118; baseline -0.004 -19"><span class='ocrx_word' id='word_1_108' title='bbox 111 2034 224 2100; x_wconf 86' lang='lat' dir='ltr'><em>clarus</em></span> <span class='ocrx_word' id='word_1_109' title='bbox 248 2032 405 2100; x_wconf 60' lang='lat' dir='ltr'><em>effulsio.</em></span> <span class='ocrx_word' id='word_1_110' title='bbox 442 2033 546 2114; x_wconf 89' lang='lat' dir='ltr'><em>Haec,</em></span> <span class='ocrx_word' id='word_1_111' title='bbox 571 2056 645 2099; x_wconf 91' lang='lat' dir='ltr'><em>cum</em></span> <span class='ocrx_word' id='word_1_112' title='bbox 662 2031 835 2098; x_wconf 87' lang='lat' dir='ltr'><em>Sedulium</em></span> <span class='ocrx_word' id='word_1_113' title='bbox 857 2031 1021 2097; x_wconf 89' lang='lat' dir='ltr'><em>iuniorem</em></span> <span class='ocrx_word' id='word_1_114' title='bbox 1037 2029 1152 2118; x_wconf 88' lang='lat' dir='ltr'><em>patria</em></span> <span class='ocrx_word' id='word_1_115' title='bbox 1168 2027 1338 2094; x_wconf 85' lang='lat' dir='ltr'><em>Hibernia</em></span> 
     </span>
     <span class='ocr_line' id='line_1_17' title="bbox 110 2135 1338 2228; baseline -0.002 -22"><span class='ocrx_word' id='word_1_116' title='bbox 110 2143 232 2209; x_wconf 84' lang='lat' dir='ltr'><em>relicta</em></span> <span class='ocrx_word' id='word_1_117' title='bbox 255 2141 290 2205; x_wconf 88' lang='lat' dir='ltr'><em>in</em></span> <span class='ocrx_word' id='word_1_118' title='bbox 305 2141 485 2207; x_wconf 85' lang='lat' dir='ltr'><em>Franciam</em></span> <span class='ocrx_word' id='word_1_119' title='bbox 509 2140 658 2206; x_wconf 86' lang='lat' dir='ltr'><em>delatum</em></span> <span class='ocrx_word' id='word_1_120' title='bbox 682 2163 754 2207; x_wconf 87' lang='lat' dir='ltr'><em>esse</em></span> <span class='ocrx_word' id='word_1_121' title='bbox 774 2140 886 2228; x_wconf 81' lang='lat' dir='ltr'><em>ibique</em></span> <span class='ocrx_word' id='word_1_122' title='bbox 908 2140 945 2205; x_wconf 92' lang='lat' dir='ltr'><em>in</em></span> <span class='ocrx_word' id='word_1_123' title='bbox 960 2138 1168 2205; x_wconf 88' lang='lat' dir='ltr'><em>monasterio</em></span> <span class='ocrx_word' id='word_1_124' title='bbox 1189 2161 1213 2202; x_wconf 91' lang='lat' dir='ltr'><em>s.</em></span> <span class='ocrx_word' id='word_1_125' title='bbox 1238 2135 1338 2203; x_wconf 90' lang='lat' dir='ltr'><em>Lam·</em></span> 
     </span>
     <span class='ocr_line' id='line_1_18' title="bbox 22 2245 1338 2334; baseline -0.003 -19"><span class='ocrx_word' id='word_1_126' title='bbox 22 2289 31 2296; x_wconf 45' lang='lat'><strong><em>‘</em></strong></span> <span class='ocrx_word' id='word_1_127' title='bbox 111 2245 342 2315; x_wconf 85' lang='lat' dir='ltr'><em>berti-Leodii</em></span> <span class='ocrx_word' id='word_1_128' title='bbox 376 2249 508 2334; x_wconf 82' lang='lat' dir='ltr'><em>degisse</em></span> <span class='ocrx_word' id='word_1_129' title='bbox 544 2254 579 2314; x_wconf 90' lang='lat' dir='ltr'><em>et</em></span> <span class='ocrx_word' id='word_1_130' title='bbox 612 2254 849 2315; x_wconf 89' lang='lat' dir='ltr'><em>commoratum</em></span> <span class='ocrx_word' id='word_1_131' title='bbox 881 2271 953 2315; x_wconf 88' lang='lat' dir='ltr'><em>esse</em></span> <span class='ocrx_word' id='word_1_132' title='bbox 986 2246 1232 2314; x_wconf 89' lang='lat' dir='ltr'><em>ecarminibus</em></span> <span class='ocrx_word' id='word_1_133' title='bbox 1265 2245 1338 2312; x_wconf 88' lang='lat' dir='ltr'><em>eius</em></span> 
     </span>
    </p>
   </div>
   <div class='ocr_carea' id='block_1_5' title="bbox 114 2353 1388 2443">
    <p class='ocr_par' dir='ltr' id='par_1_6' title="bbox 114 2353 1388 2443">
     <span class='ocr_line' id='line_1_19' title="bbox 114 2353 1388 2443; baseline 0 -23"><span class='ocrx_word' id='word_1_134' title='bbox 114 2354 256 2436; x_wconf 87' lang='lat' dir='ltr'><em>eluceat,</em></span> <span class='ocrx_word' id='word_1_135' title='bbox 274 2353 317 2418; x_wconf 89' lang='lat' dir='ltr'><em>ad</em></span> <span class='ocrx_word' id='word_1_136' title='bbox 332 2360 489 2419; x_wconf 88' lang='lat' dir='ltr'><em>nostrum·</em></span> <span class='ocrx_word' id='word_1_137' title='bbox 501 2354 678 2421; x_wconf 85' lang='lat' dir='ltr'><em>referenda</em></span> <span class='ocrx_word' id='word_1_138' title='bbox 694 2377 766 2422; x_wconf 87' lang='lat' dir='ltr'><em>esse</em></span> <span class='ocrx_word' id='word_1_139' title='bbox 782 2356 907 2443; x_wconf 87' lang='lat' dir='ltr'><em>opinor,</em></span> <span class='ocrx_word' id='word_1_140' title='bbox 926 2377 1023 2443; x_wconf 90' lang='lat' dir='ltr'><em>quem</em></span> <span class='ocrx_word' id='word_1_141' title='bbox 1039 2354 1142 2420; x_wconf 88' lang='lat' dir='ltr'><em>etiam</em></span> <span class='ocrx_word' id='word_1_142' title='bbox 1158 2353 1193 2418; x_wconf 91' lang='lat' dir='ltr'><em>in</em></span> <span class='ocrx_word' id='word_1_143' title='bbox 1206 2354 1338 2420; x_wconf 85' lang='lat' dir='ltr'><em>Achaia</em></span> <span class='ocrx_word' id='word_1_144' title='bbox 1385 2404 1388 2409; x_wconf 87' lang='lat'>-</span> 
     </span>
    </p>
   </div>
   <div class='ocr_carea' id='block_1_6' title="bbox 110 2461 1338 2982">
    <p class='ocr_par' dir='ltr' id='par_1_7' title="bbox 110 2461 1338 2854">
     <span class='ocr_line' id='line_1_20' title="bbox 111 2461 1338 2551; baseline -0.002 -24"><span class='ocrx_word' id='word_1_145' title='bbox 111 2462 234 2543; x_wconf 80' lang='lat' dir='ltr'><em>fuisse,</em></span> <span class='ocrx_word' id='word_1_146' title='bbox 272 2461 363 2527; x_wconf 85' lang='lat' dir='ltr'><em>infra</em></span> <span class='ocrx_word' id='word_1_147' title='bbox 395 2463 593 2529; x_wconf 86' lang='lat' dir='ltr'><em>docebimus.</em></span> <span class='ocrx_word' id='word_1_148' title='bbox 639 2463 794 2551; x_wconf 87' lang='lat' dir='ltr'><em>Itaque</em></span> <span class='ocrx_word' id='word_1_149' title='bbox 818 2461 1192 2541; x_wconf 78' lang='lat' dir='ltr'><em>extestimoniiS,</em></span> <span class='ocrx_word' id='word_1_150' title='bbox 1231 2483 1338 2549; x_wconf 86' lang='lat' dir='ltr'><em>quae</em></span> 
     </span>
     <span class='ocr_line' id='line_1_21' title="bbox 111 2565 1338 2657; baseline 0.001 -23"><span class='ocrx_word' id='word_1_151' title='bbox 111 2566 361 2647; x_wconf 88' lang='lat' dir='ltr'><em>attulimus,</em></span> <span class='ocrx_word' id='word_1_152' title='bbox 397 2565 623 2634; x_wconf 80' lang='lat' dir='ltr'><em>Seduliu&#39;m</em></span> <span class='ocrx_word' id='word_1_153' title='bbox 655 2575 697 2635; x_wconf 86' lang='lat' dir='ltr'><em>et</em></span> <span class='ocrx_word' id='word_1_154' title='bbox 731 2569 884 2635; x_wconf 87' lang='lat' dir='ltr'><em>Romae</em></span> <span class='ocrx_word' id='word_1_155' title='bbox 919 2574 1070 2635; x_wconf 87' lang='lat' dir='ltr'><em>natum</em></span> <span class='ocrx_word' id='word_1_156' title='bbox 1108 2573 1148 2633; x_wconf 90' lang='lat' dir='ltr'><em>et</em></span> <span class='ocrx_word' id='word_1_157' title='bbox 1186 2575 1338 2657; x_wconf 88' lang='lat' dir='ltr'><em>postea</em></span> 
     </span>
     <span class='ocr_line' id='line_1_22' title="bbox 111 2677 1337 2765; baseline 0.002 -23"><span class='ocrx_word' id='word_1_158' title='bbox 111 2677 317 2744; x_wconf 89' lang='lat' dir='ltr'><em>doctrina</em></span> <span class='ocrx_word' id='word_1_159' title='bbox 340 2679 401 2744; x_wconf 92' lang='lat' dir='ltr'><em>ibi</em></span> <span class='ocrx_word' id='word_1_160' title='bbox 425 2678 592 2744; x_wconf 87' lang='lat' dir='ltr'><em>clarum</em></span> <span class='ocrx_word' id='word_1_161' title='bbox 616 2679 815 2746; x_wconf 89' lang='lat' dir='ltr'><em>habitum</em></span> <span class='ocrx_word' id='word_1_162' title='bbox 839 2702 954 2765; x_wconf 84' lang='lat' dir='ltr'><em>esse,</em></span> <span class='ocrx_word' id='word_1_163' title='bbox 989 2679 1195 2745; x_wconf 88' lang='lat' dir='ltr'><em>fortasse</em></span> <span class='ocrx_word' id='word_1_164' title='bbox 1218 2683 1337 2745; x_wconf 89' lang='lat' dir='ltr'><em>recte</em></span> 
     </span>
     <span class='ocr_line' id='line_1_23' title="bbox 110 2785 419 2854; baseline -0.003 -1"><span class='ocrx_word' id='word_1_165' title='bbox 110 2785 419 2854; x_wconf 88' lang='lat' dir='ltr'><em>concludimus.</em></span> 
     </span>
    </p>

    <p class='ocr_par' dir='ltr' id='par_1_8' title="bbox 216 2890 1335 2982">
     <span class='ocr_line' id='line_1_24' title="bbox 216 2890 1335 2982; baseline -0.004 -23"><span class='ocrx_word' id='word_1_166' title='bbox 216 2894 266 2961; x_wconf 90' lang='lat' dir='ltr'><em>At</em></span> <span class='ocrx_word' id='word_1_167' title='bbox 279 2893 370 2960; x_wconf 87' lang='lat' dir='ltr'><em>dicat</em></span> <span class='ocrx_word' id='word_1_168' title='bbox 382 2893 505 2982; x_wconf 84' lang='lat' dir='ltr'><em>aliquis</em></span> <span class='ocrx_word' id='word_1_169' title='bbox 517 2894 719 2960; x_wconf 69' lang='lat' dir='ltr'><em>testimoniis</em></span> <span class='ocrx_word' id='word_1_170' title='bbox 729 2895 890 2961; x_wconf 75' lang='lat' dir='ltr'><em>adhibitis</em></span> <span class='ocrx_word' id='word_1_171' title='bbox 903 2917 1010 2960; x_wconf 87' lang='lat' dir='ltr'><em>meam</em></span> <span class='ocrx_word' id='word_1_172' title='bbox 1024 2895 1064 2960; x_wconf 91' lang='lat' dir='ltr'><em>de</em></span> <span class='ocrx_word' id='word_1_173' title='bbox 1076 2891 1212 2960; x_wconf 86' lang='lat' dir='ltr'><em>Seduh&#39;i</em></span> <span class='ocrx_word' id='word_1_174' title='bbox 1220 2890 1335 2979; x_wconf 86' lang='lat' dir='ltr'><em>patria</em></span> 
     </span>
    </p>
   </div>
   <div class='ocr_carea' id='block_1_7' title="bbox 11 2996 1336 3088">
    <p class='ocr_par' dir='ltr' id='par_1_9' title="bbox 11 2996 1336 3088">
     <span class='ocr_line' id='line_1_25' title="bbox 11 2996 1336 3088; baseline -0.003 -22"><span class='ocrx_word' id='word_1_175' title='bbox 11 3031 16 3042; x_wconf 93' lang='lat'><strong>·</strong></span> <span class='ocrx_word' id='word_1_176' title='bbox 110 3000 296 3088; x_wconf 88' lang='lat' dir='ltr'><em>opinionem</em></span> <span class='ocrx_word' id='word_1_177' title='bbox 319 3021 386 3063; x_wconf 91' lang='lat' dir='ltr'><em>non</em></span> <span class='ocrx_word' id='word_1_178' title='bbox 409 2998 526 3066; x_wconf 83' lang='lat' dir='ltr'><em>evinci.</em></span> <span class='ocrx_word' id='word_1_179' title='bbox 574 2998 819 3083; x_wconf 80' lang='lat' dir='ltr'><em>Concesserim,</em></span> <span class='ocrx_word' id='word_1_180' title='bbox 852 3000 882 3066; x_wconf 89' lang='lat' dir='ltr'><em>si</em></span> <span class='ocrx_word' id='word_1_181' title='bbox 913 3001 1167 3067; x_wconf 75' lang='lat' dir='ltr'><em>demonstretur</em></span> <span class='ocrx_word' id='word_1_182' title='bbox 1199 2996 1336 3064; x_wconf 88' lang='lat' dir='ltr'><em>illorum</em></span> 
     </span>
    </p>
   </div>
   <div class='ocr_carea' id='block_1_8' title="bbox 107 3106 1338 3842">
    <p class='ocr_par' dir='ltr' id='par_1_10' title="bbox 107 3106 1336 3300">
     <span class='ocr_line' id='line_1_26' title="bbox 109 3106 1334 3197; baseline -0.002 -25"><span class='ocrx_word' id='word_1_183' title='bbox 109 3107 349 3174; x_wconf 87' lang='lat' dir='ltr'><em>auctoritatem</em></span> <span class='ocrx_word' id='word_1_184' title='bbox 371 3129 443 3174; x_wconf 89' lang='lat' dir='ltr'><em>esse</em></span> <span class='ocrx_word' id='word_1_185' title='bbox 466 3109 612 3190; x_wconf 84' lang='lat' dir='ltr'><em>nullam,</em></span> <span class='ocrx_word' id='word_1_186' title='bbox 647 3116 682 3175; x_wconf 88' lang='lat' dir='ltr'><em>et</em></span> <span class='ocrx_word' id='word_1_187' title='bbox 705 3110 735 3174; x_wconf 89' lang='lat' dir='ltr'><em>si</em></span> <span class='ocrx_word' id='word_1_188' title='bbox 758 3109 833 3197; x_wconf 90' lang='lat' dir='ltr'><em>quis</em></span> <span class='ocrx_word' id='word_1_189' title='bbox 856 3109 1020 3196; x_wconf 88' lang='lat' dir='ltr'><em>graviora</em></span> <span class='ocrx_word' id='word_1_190' title='bbox 1044 3114 1080 3174; x_wconf 87' lang='lat' dir='ltr'><em>et</em></span> <span class='ocrx_word' id='word_1_191' title='bbox 1104 3106 1334 3194; x_wconf 85' lang='lat' dir='ltr'><em>probabiliora</em></span> 
     </span>
     <span class='ocr_line' id='line_1_27' title="bbox 107 3211 1336 3300; baseline 0 -22"><span class='ocrx_word' id='word_1_192' title='bbox 107 3213 178 3278; x_wconf 81' lang='grc'><strong>11113</strong></span> <span class='ocrx_word' id='word_1_193' title='bbox 201 3214 236 3278; x_wconf 89' lang='lat' dir='ltr'><em>in</em></span> <span class='ocrx_word' id='word_1_194' title='bbox 259 3213 403 3278; x_wconf 89' lang='lat' dir='ltr'><em>medium</em></span> <span class='ocrx_word' id='word_1_195' title='bbox 418 3215 586 3300; x_wconf 86' lang='lat' dir='ltr'><em>proferat;</em></span> <span class='ocrx_word' id='word_1_196' title='bbox 620 3213 678 3279; x_wconf 87' lang='lat' dir='ltr'><em>sed</em></span> <span class='ocrx_word' id='word_1_197' title='bbox 694 3235 812 3279; x_wconf 89' lang='lat' dir='ltr'><em>vereor</em></span> <span class='ocrx_word' id='word_1_198' title='bbox 827 3221 868 3280; x_wconf 93' lang='lat' dir='ltr'><em>ut</em></span> <span class='ocrx_word' id='word_1_199' title='bbox 883 3214 954 3282; x_wconf 87' lang='lat' dir='ltr'><em>fiat.</em></span> <span class='ocrx_word' id='word_1_200' title='bbox 986 3214 1182 3299; x_wconf 85' lang='lat' dir='ltr'><em>Pergamus</em></span> <span class='ocrx_word' id='word_1_201' title='bbox 1201 3211 1336 3278; x_wconf 88' lang='lat' dir='ltr'><em>adalia.</em></span> 
     </span>
    </p>

    <p class='ocr_par' dir='ltr' id='par_1_11' title="bbox 107 3319 1338 3842">
     <span class='ocr_line' id='line_1_28' title="bbox 215 3319 1338 3410; baseline 0.001 -25"><span class='ocrx_word' id='word_1_202' title='bbox 215 3321 267 3385; x_wconf 87' lang='lat' dir='ltr'><em>De</em></span> <span class='ocrx_word' id='word_1_203' title='bbox 289 3327 496 3407; x_wconf 89' lang='lat' dir='ltr'><em>tempore,</em></span> <span class='ocrx_word' id='word_1_204' title='bbox 522 3345 586 3410; x_wconf 94' lang='lat' dir='ltr'><em>quo</em></span> <span class='ocrx_word' id='word_1_205' title='bbox 604 3321 765 3388; x_wconf 86' lang='lat' dir='ltr'><em>Sedulius</em></span> <span class='ocrx_word' id='word_1_206' title='bbox 782 3321 947 3404; x_wconf 86' lang='lat' dir='ltr'><em>floruerit,</em></span> <span class='ocrx_word' id='word_1_207' title='bbox 965 3345 1031 3387; x_wconf 90' lang='lat' dir='ltr'><em>non</em></span> <span class='ocrx_word' id='word_1_208' title='bbox 1048 3321 1158 3386; x_wconf 87' lang='lat' dir='ltr'><em>minor</em></span> <span class='ocrx_word' id='word_1_209' title='bbox 1176 3325 1229 3386; x_wconf 89' lang='lat' dir='ltr'><em>est</em></span> <span class='ocrx_word' id='word_1_210' title='bbox 1244 3319 1338 3386; x_wconf 92' lang='lat' dir='ltr'><em>dubi·</em></span> 
     </span>
     <span class='ocr_line' id='line_1_29' title="bbox 107 3426 1334 3517; baseline 0 -23"><span class='ocrx_word' id='word_1_211' title='bbox 107 3429 203 3495; x_wconf 82' lang='lat' dir='ltr'><em>tatio,</em></span> <span class='ocrx_word' id='word_1_212' title='bbox 228 3426 344 3514; x_wconf 88' lang='lat' dir='ltr'><em>Atque</em></span> <span class='ocrx_word' id='word_1_213' title='bbox 367 3433 466 3510; x_wconf 82' lang='lat' dir='ltr'><em>tanta</em></span> <span class='ocrx_word' id='word_1_214' title='bbox 490 3434 541 3492; x_wconf 88' lang='lat' dir='ltr'><em>est</em></span> <span class='ocrx_word' id='word_1_215' title='bbox 566 3429 757 3516; x_wconf 85' lang='lat' dir='ltr'><em>opinionum</em></span> <span class='ocrx_word' id='word_1_216' title='bbox 781 3428 1020 3517; x_wconf 87' lang='lat' dir='ltr'><em>discrepantia,</em></span> <span class='ocrx_word' id='word_1_217' title='bbox 1046 3431 1086 3492; x_wconf 93' lang='lat' dir='ltr'><em>ut</em></span> <span class='ocrx_word' id='word_1_218' title='bbox 1111 3426 1169 3492; x_wconf 85' lang='grc'><strong>31”’</strong></span> <span class='ocrx_word' id='word_1_219' title='bbox 1200 3428 1334 3495; x_wconf 87' lang='lat' dir='ltr'><em>saeculo</em></span> 
     </span>
     <span class='ocr_line' id='line_1_30' title="bbox 109 3518 1336 3624; baseline 0.006 -27"><span class='ocrx_word' id='word_1_220' title='bbox 109 3541 239 3621; x_wconf 90' lang='lat' dir='ltr'><em>quarto,</em></span> <span class='ocrx_word' id='word_1_221' title='bbox 265 3533 324 3598; x_wconf 87' lang='grc'><strong>3111</strong></span> <span class='ocrx_word' id='word_1_222' title='bbox 348 3518 481 3623; x_wconf 76' lang='lat' dir='ltr'><em>quinto,</em></span> <span class='ocrx_word' id='word_1_223' title='bbox 511 3535 605 3610; x_wconf 87' lang='lat' dir='ltr'><em>intra</em></span> <span class='ocrx_word' id='word_1_224' title='bbox 630 3559 735 3602; x_wconf 90' lang='lat' dir='ltr'><em>annos</em></span> <span class='ocrx_word' id='word_1_225' title='bbox 759 3540 822 3602; x_wconf 76' lang='lat'><em>377</em></span> <span class='ocrx_word' id='word_1_226' title='bbox 849 3541 883 3602; x_wconf 90' lang='lat' dir='ltr'><em>et</em></span> <span class='ocrx_word' id='word_1_227' title='bbox 905 3538 972 3603; x_wconf 84' lang='lat'><em>494</em></span> <span class='ocrx_word' id='word_1_228' title='bbox 996 3558 1029 3622; x_wconf 91' lang='lat' dir='ltr'><em>p.</em></span> <span class='ocrx_word' id='word_1_229' title='bbox 1049 3534 1127 3600; x_wconf 88' lang='lat' dir='ltr'><em>Chr.</em></span> <span class='ocrx_word' id='word_1_230' title='bbox 1145 3557 1177 3600; x_wconf 90' lang='lat' dir='ltr'><em>n.</em></span> <span class='ocrx_word' id='word_1_231' title='bbox 1201 3543 1336 3624; x_wconf 89' lang='lat' dir='ltr'><em>poetam</em></span> 
     </span>
     <span class='ocr_line' id='line_1_31' title="bbox 107 3641 1335 3733; baseline 0.002 -27"><span class='ocrx_word' id='word_1_232' title='bbox 107 3641 235 3706; x_wconf 81' lang='lat' dir='ltr'><em>vixisse</em></span> <span class='ocrx_word' id='word_1_233' title='bbox 259 3642 471 3710; x_wconf 87' lang='lat' dir='ltr'><em>contendant.</em></span> <span class='ocrx_word' id='word_1_234' title='bbox 518 3644 765 3711; x_wconf 88' lang='lat' dir='ltr'><em>Nonnullorum</em></span> <span class='ocrx_word' id='word_1_235' title='bbox 788 3645 959 3733; x_wconf 89' lang='lat' dir='ltr'><em>opiniones</em></span> <span class='ocrx_word' id='word_1_236' title='bbox 983 3665 1171 3733; x_wconf 86' lang='lat' dir='ltr'><em>proponere</em></span> <span class='ocrx_word' id='word_1_237' title='bbox 1200 3649 1234 3709; x_wconf 85' lang='lat' dir='ltr'><em>et</em></span> <span class='ocrx_word' id='word_1_238' title='bbox 1262 3665 1335 3708; x_wconf 91' lang='lat' dir='ltr'><em>eon·</em></span> 
     </span>
     <span class='ocr_line' id='line_1_32' title="bbox 108 3747 1334 3842; baseline 0.002 -29"><span class='ocrx_word' id='word_1_239' title='bbox 108 3747 258 3814; x_wconf 90' lang='lat' dir='ltr'><em>siderare</em></span> <span class='ocrx_word' id='word_1_240' title='bbox 271 3750 448 3820; x_wconf 88' lang='lat' dir='ltr'><em>iamliceat</em></span> <span class='ocrx_word' id='word_1_241' title='bbox 458 3753 611 3841; x_wconf 89' lang='lat' dir='ltr'><em>inprimis</em></span> <span class='ocrx_word' id='word_1_242' title='bbox 620 3754 822 3842; x_wconf 88' lang='lat' dir='ltr'><em>scriptorum</em></span> <span class='ocrx_word' id='word_1_243' title='bbox 831 3755 882 3821; x_wconf 88' lang='lat' dir='ltr'><em>rei</em></span> <span class='ocrx_word' id='word_1_244' title='bbox 893 3752 1087 3822; x_wconf 87' lang='lat' dir='ltr'><em>litterariae</em></span> <span class='ocrx_word' id='word_1_245' title='bbox 1102 3751 1334 3821; x_wconf 87' lang='lat' dir='ltr'><em>recentiorum.</em></span> 
     </span>
    </p>
   </div>
   <div class='ocr_carea' id='block_1_9' title="bbox 108 3853 1333 3947">
    <p class='ocr_par' dir='ltr' id='par_1_12' title="bbox 108 3853 1333 3947">
     <span class='ocr_line' id='line_1_33' title="bbox 108 3853 1333 3947; baseline 0.006 -29"><span class='ocrx_word' id='word_1_246' title='bbox 108 3853 187 3918; x_wconf 77' lang='lat' dir='ltr'><em>Teu</em></span> <span class='ocrx_word' id='word_1_247' title='bbox 197 3853 235 3918; x_wconf 82' lang='lat' dir='ltr'><em>ff</em></span> <span class='ocrx_word' id='word_1_248' title='bbox 241 3856 354 3922; x_wconf 89' lang='lat' dir='ltr'><em>elius</em></span> <span class='ocrx_word' id='word_1_249' title='bbox 372 3857 544 3924; x_wconf 86' lang='lat' dir='ltr'><em>Sedulium</em></span> <span class='ocrx_word' id='word_1_250' title='bbox 561 3861 621 3925; x_wconf 90' lang='lat' dir='ltr'><em>sub</em></span> <span class='ocrx_word' id='word_1_251' title='bbox 638 3860 737 3925; x_wconf 89' lang='lat' dir='ltr'><em>finem</em></span> <span class='ocrx_word' id='word_1_252' title='bbox 753 3860 881 3926; x_wconf 86' lang='lat' dir='ltr'><em>saeculi</em></span> <span class='ocrx_word' id='word_1_253' title='bbox 892 3859 933 3927; x_wconf 90' lang='lat' dir='ltr'><em>V.</em></span> <span class='ocrx_word' id='word_1_254' title='bbox 950 3859 1087 3926; x_wconf 84' lang='lat' dir='ltr'><em>vixisse</em></span> <span class='ocrx_word' id='word_1_255' title='bbox 1105 3865 1141 3925; x_wconf 89' lang='lat' dir='ltr'><em>et</em></span> <span class='ocrx_word' id='word_1_256' title='bbox 1158 3859 1333 3947; x_wconf 88' lang='lat' dir='ltr'><em>scripsisse</em></span> 
     </span>
    </p>
   </div>
   <div class='ocr_carea' id='block_1_10' title="bbox 105 3962 1334 4483">
    <p class='ocr_par' dir='ltr' id='par_1_13' title="bbox 105 3962 1334 4483">
     <span class='ocr_line' id='line_1_34' title="bbox 107 3962 1334 4059; baseline 0.003 -33"><span class='ocrx_word' id='word_1_257' title='bbox 107 3962 257 4028; x_wconf 84' lang='lat' dir='ltr'><em>affirmat</em></span> <span class='ocrx_word' id='word_1_258' title='bbox 280 3970 538 4059; x_wconf 85' lang='lat' dir='ltr'><em>argumentatus</em></span> <span class='ocrx_word' id='word_1_259' title='bbox 572 3965 624 4032; x_wconf 90' lang='lat' dir='ltr'><em>ita</em></span> <span class='ocrx_word' id='word_1_260' title='bbox 654 3966 708 4055; x_wconf 80' lang='lat' dir='ltr'><em>(R.</em></span> <span class='ocrx_word' id='word_1_261' title='bbox 725 3966 764 4033; x_wconf 88' lang='lat' dir='ltr'><em>L.</em></span> <span class='ocrx_word' id='word_1_262' title='bbox 782 3966 841 4033; x_wconf 76' lang='lat' dir='ltr'><em>G.³</em></span> <span class='ocrx_word' id='word_1_263' title='bbox 863 3990 895 4055; x_wconf 91' lang='lat' dir='ltr'><em>p.</em></span> <span class='ocrx_word' id='word_1_264' title='bbox 923 3968 1042 4051; x_wconf 83' lang='grc'><strong>1119);</strong></span> <span class='ocrx_word' id='word_1_265' title='bbox 1081 3965 1145 4031; x_wconf 89' lang='lat' dir='ltr'><em>Die</em></span> <span class='ocrx_word' id='word_1_266' title='bbox 1170 3965 1246 4033; x_wconf 90' lang='lat' dir='ltr'><em>Zeit</em></span> <span class='ocrx_word' id='word_1_267' title='bbox 1276 3966 1334 4031; x_wconf 89' lang='lat' dir='ltr'><em>des</em></span> 
     </span>
     <span class='ocr_line' id='line_1_35' title="bbox 107 4065 1333 4151; baseline 0.004 -20"><span class='ocrx_word' id='word_1_268' title='bbox 107 4065 264 4132; x_wconf 86' lang='lat' dir='ltr'><em>Sedulius</em></span> <span class='ocrx_word' id='word_1_269' title='bbox 287 4068 374 4134; x_wconf 91' lang='lat' dir='ltr'><em>wird</em></span> <span class='ocrx_word' id='word_1_270' title='bbox 396 4070 567 4136; x_wconf 87' lang='lat' dir='ltr'><em>bestimmt</em></span> <span class='ocrx_word' id='word_1_271' title='bbox 592 4070 753 4151; x_wconf 88' lang='lat' dir='ltr'><em>dadureh,</em></span> <span class='ocrx_word' id='word_1_272' title='bbox 779 4071 857 4138; x_wconf 88' lang='lat' dir='ltr'><em>dass</em></span> <span class='ocrx_word' id='word_1_273' title='bbox 875 4071 1025 4138; x_wconf 83' lang='lat' dir='ltr'><em>darselbe</em></span> <span class='ocrx_word' id='word_1_274' title='bbox 1043 4071 1102 4137; x_wconf 88' lang='lat' dir='ltr'><em>ein</em></span> <span class='ocrx_word' id='word_1_275' title='bbox 1119 4070 1257 4136; x_wconf 85' lang='lat' dir='ltr'><em>Freund</em></span> <span class='ocrx_word' id='word_1_276' title='bbox 1276 4072 1333 4136; x_wconf 90' lang='lat' dir='ltr'><em>des</em></span> 
     </span>
     <span class='ocr_line' id='line_1_36' title="bbox 106 4171 1333 4262; baseline -0.001 -21"><span class='ocrx_word' id='word_1_277' title='bbox 106 4174 274 4254; x_wconf 88' lang='lat' dir='ltr'><em>Asterius,</em></span> <span class='ocrx_word' id='word_1_278' title='bbox 300 4171 373 4239; x_wconf 86' lang='lat' dir='ltr'><em>Cos.</em></span> <span class='ocrx_word' id='word_1_279' title='bbox 390 4178 456 4242; x_wconf 84' lang='lat'><em>494</em></span> <span class='ocrx_word' id='word_1_280' title='bbox 478 4197 634 4262; x_wconf 88' lang='lat' dir='ltr'><em>gewesen</em></span> <span class='ocrx_word' id='word_1_281' title='bbox 656 4199 699 4241; x_wconf 88' lang='lat' dir='ltr'><em>zu</em></span> <span class='ocrx_word' id='word_1_282' title='bbox 727 4177 799 4244; x_wconf 88' lang='lat' dir='ltr'><em>sein</em></span> <span class='ocrx_word' id='word_1_283' title='bbox 815 4175 945 4242; x_wconf 89' lang='lat' dir='ltr'><em>scheint</em></span> <span class='ocrx_word' id='word_1_284' title='bbox 961 4175 1031 4242; x_wconf 89' lang='lat' dir='ltr'><em>und</em></span> <span class='ocrx_word' id='word_1_285' title='bbox 1052 4199 1119 4242; x_wconf 84' lang='lat' dir='ltr'><em>von</em></span> <span class='ocrx_word' id='word_1_286' title='bbox 1137 4175 1333 4243; x_wconf 85' lang='lat' dir='ltr'><em>Gennadius</em></span> 
     </span>
     <span class='ocr_line' id='line_1_37' title="bbox 105 4282 1333 4368; baseline 0 -20"><span class='ocrx_word' id='word_1_287' title='bbox 105 4282 199 4348; x_wconf 90' lang='lat' dir='ltr'><em>nicht</em></span> <span class='ocrx_word' id='word_1_288' title='bbox 223 4282 420 4368; x_wconf 76' lang='lat' dir='ltr'><em>autgefiihrt</em></span> <span class='ocrx_word' id='word_1_289' title='bbox 443 4284 543 4368; x_wconf 88' lang='lat' dir='ltr'><em>wird,</em></span> <span class='ocrx_word' id='word_1_290' title='bbox 568 4284 659 4350; x_wconf 87' lang='lat' dir='ltr'><em>wohl</em></span> <span class='ocrx_word' id='word_1_291' title='bbox 682 4287 763 4352; x_wconf 87' lang='lat' dir='ltr'><em>aber</em></span> <span class='ocrx_word' id='word_1_292' title='bbox 786 4285 943 4352; x_wconf 77' lang='lat' dir='ltr'><em>erwiihnt</em></span> <span class='ocrx_word' id='word_1_293' title='bbox 963 4308 1029 4351; x_wconf 91' lang='lat' dir='ltr'><em>von</em></span> <span class='ocrx_word' id='word_1_294' title='bbox 1044 4283 1238 4350; x_wconf 89' lang='lat' dir='ltr'><em>Venantius</em></span> <span class='ocrx_word' id='word_1_295' title='bbox 1251 4283 1333 4350; x_wconf 83' lang='lat' dir='ltr'><em>For-</em></span> 
     </span>
     <span class='ocr_line' id='line_1_38' title="bbox 106 4388 1332 4483; baseline 0.002 -29"><span class='ocrx_word' id='word_1_296' title='bbox 106 4392 265 4470; x_wconf 87' lang='lat' dir='ltr'><em>tunatus,</em></span> <span class='ocrx_word' id='word_1_297' title='bbox 303 4388 414 4455; x_wconf 77' lang='lat' dir='ltr'><em>isidor</em></span> <span class='ocrx_word' id='word_1_298' title='bbox 436 4392 505 4457; x_wconf 90' lang='lat' dir='ltr'><em>und</em></span> <span class='ocrx_word' id='word_1_299' title='bbox 528 4390 736 4459; x_wconf 87' lang='lat' dir='ltr'><em>Cassiodor.“</em></span> <span class='ocrx_word' id='word_1_300' title='bbox 785 4389 1023 4483; x_wconf 85' lang='lat' dir='ltr'><em>Inquiramus,</em></span> <span class='ocrx_word' id='word_1_301' title='bbox 1059 4414 1138 4456; x_wconf 93' lang='lat' dir='ltr'><em>num</em></span> <span class='ocrx_word' id='word_1_302' title='bbox 1175 4389 1332 4456; x_wconf 81' lang='lat' dir='ltr'><em>Teuffelii</em></span> 
     </span>
    </p>
   </div>
   <div class='ocr_carea' id='block_1_11' title="bbox 157 4591 1225 4764">
    <p class='ocr_par' dir='ltr' id='par_1_14' title="bbox 157 4591 1225 4764">
     <span class='ocr_line' id='line_1_39' title="bbox 215 4591 724 4670; baseline 0.004 -14"><span class='ocrx_word' id='word_1_303' title='bbox 215 4605 233 4662; x_wconf 80' lang='lat'><em>¹)</em></span> <span class='ocrx_word' id='word_1_304' title='bbox 252 4606 352 4670; x_wconf 86' lang='lat' dir='ltr'><em>Incipit</em></span> <span class='ocrx_word' id='word_1_305' title='bbox 371 4620 475 4656; x_wconf 84' lang='lat' dir='ltr'><em>carmen</em></span> <span class='ocrx_word' id='word_1_306' title='bbox 493 4591 535 4658; x_wconf 69' lang='lat' dir='ltr'><em>Al.</em></span> <span class='ocrx_word' id='word_1_307' title='bbox 557 4605 624 4658; x_wconf 81' lang='lat' dir='ltr'><em>God.</em></span> <span class='ocrx_word' id='word_1_308' title='bbox 644 4605 724 4659; x_wconf 88' lang='lat' dir='ltr'><em>Vind.</em></span> 
     </span>
     <span class='ocr_line' id='line_1_40' title="bbox 157 4691 1225 4764; baseline -0.006 -11"><span class='ocrx_word' id='word_1_309' title='bbox 157 4709 312 4764; x_wconf 84' lang='lat' dir='ltr'><em>Huemcr,</em></span> <span class='ocrx_word' id='word_1_310' title='bbox 329 4709 363 4753; x_wconf 87' lang='lat' dir='ltr'><em>De</em></span> <span class='ocrx_word' id='word_1_311' title='bbox 378 4707 472 4754; x_wconf 72' lang='lat' dir='ltr'><em>seduth</em></span> <span class='ocrx_word' id='word_1_312' title='bbox 485 4707 546 4754; x_wconf 81' lang='lat' dir='ltr'><em>vita.</em></span> <span class='ocrx_word' id='word_1_313' title='bbox 1208 4691 1225 4747; x_wconf 79' lang='lat'><strong>2</strong></span> 
     </span>
    </p>
   </div>
   <div class='ocr_carea' id='block_1_12' title="bbox 0 0 1602 5196">
    <p class='ocr_par' dir='ltr' id='par_1_15' title="bbox 0 0 1602 5196">
     <span class='ocr_line' id='line_1_41' title="bbox 0 0 1602 5196; baseline 0 2"><span class='ocrx_word' id='word_1_314' title='bbox 0 0 1602 5196; x_wconf 95' lang='lat' dir='ltr'><em> </em></span> 
     </span>
    </p>
   </div>
  </div>
 </body>
</html>
