3196 5196
670 317 893 379 -11-

168 499 296 560 natum.
323 491 482 558 Ceterum
506 491 711 579 scripturam
745 491 839 558 illius
871 491 1014 559 nominis
1045 491 1153 579 magis
1185 491 1397 558 emendatam

166 623 239 666 esse
263 621 323 686 per
359 599 436 680 „ae“
473 618 574 684 quam
602 618 662 684 per
689 601 788 679 „oe“,
826 597 923 663 dccet
946 595 1127 663 Corssenus
1163 597 1286 682 (Ueber
1309 596 1397 662 Aus-

166 704 309 794 spracbe
333 727 365 770 u.
390 702 477 770 Vck.
504 704 535 770 d.
559 703 620 772 lat.
647 703 721 790 Spr.
748 705 775 771 Ι.
799 728 832 792 p.
858 704 945 794 370).

272 813 465 880 DeSedulii
480 818 555 900 pat
565 836 582 878 r
592 814 634 879 ia
650 814 708 903 qui
724 821 868 900 egerunt
883 816 1092 904 (plerumque
1103 815 1138 880 in
1150 813 1396 903 prolegomenis

167 921 375 1007 editionum),
401 920 437 985 in
463 920 711 986 diversissimas
735 925 852 1008 partes
868 903 1010 989 abeunt.
1038 919 1188 1002 Quorum
1211 927 1398 986 commenta

167 1034 202 1094 et
226 1026 397 1115 opiniones
420 1026 576 1092 refellere
599 1049 664 1092 non
689 1026 793 1092 habet
817 1025 950 1115 quidem
967 1049 1124 1114 magnam
1149 1025 1395 1109 difficultatem,

167 1134 227 1202 sed
251 1134 335 1200 certi
360 1133 494 1221 aliquid
518 1156 680 1222 reponere
706 1139 740 1200 et
765 1139 917 1200 statuere
929 1156 984 1200 res
1001 1141 1054 1201 est
1070 1134 1198 1200 multae
1221 1156 1342 1222 operae
1359 1156 1398 1199 ao

166 1243 305 1311 laboris.
331 1230 458 1323 Tamen
482 1241 511 1308 si
534 1243 744 1331 inquiramus
760 1243 796 1308 in
811 1265 899 1324 rem,
925 1243 1071 1309 fortasse
1094 1241 1190 1309 nobis
1214 1240 1397 1326 continget,

159 1359 208 1419 ¹ut
231 1352 495 1416 controversiam
518 1352 686 1438 probabili
711 1354 854 1441 quodam
888 1354 983 1420 modo
1009 1354 1235 1420 decernamus.
1276 1350 1400 1416 Miran-

169 1459 248 1523 dum
272 1465 324 1524 est
348 1463 482 1526 veteres
512 1459 562 1526 rei
594 1459 786 1528 litterariae
818 1462 1068 1529 ecclesiasticae
1099 1461 1282 1548 scriptores
1314 1456 1400 1522 nihil

169 1565 210 1630 de
234 1571 352 1653 poetae
376 1565 491 1652 patria
513 1565 692 1632 memoriae
715 1564 913 1653 prodidisse.
965 1566 1098 1633 Casune
1122 1565 1158 1631 id
1182 1565 1332 1631 evenerit
1356 1587 1400 1630 an

110 1738 114 1746 ,
158 1672 260 1762 'quod
283 1673 475 1760 ignorarint
498 1673 648 1761 patriam
671 1680 807 1762 poetae,
847 1675 922 1764 quis
965 1675 1065 1742 hodie
1099 1672 1282 1740 diiudicet?
1332 1669 1400 1752 Qui

168 1781 297 1869 primus
319 1781 453 1870 patriae
474 1781 606 1848 ¹Sedulii
638 1781 840 1848 mentionem
870 1781 969 1864 facit,
1011 1788 1064 1850 est
1087 1782 1111 1849 J
1120 1804 1230 1847 oann
1244 1803 1288 1848 es
1312 1781 1400 1848 Tri-

169 1889 376 1970 themius,
403 1911 516 1955 rerum
540 1887 687 1977 scriptor
711 1911 792 1957 sane
815 1889 902 1956 levis
932 1913 993 1956 nec
1023 1889 1109 1956 satis
1134 1887 1241 1969 fidus,
1285 1887 1401 1976 quiin

168 1994 256 2061 libro
281 1994 322 2060 de
346 1993 583 2061 ecclesiasticis
608 1995 830 2084 scriptoribus
853 1995 894 2062 de
918 1995 1055 2062 Sedulio
1080 2001 1204 2062 narrat
1227 1993 1326 2060 haec:

282 2102 848 2190 „Seduliuspresbyternaticne
874 2103 1044 2172 Scotus.
1068 2103 1263 2171 Hildeberti
1287 2102 1401 2170 Scoto-

170 2231 245 2274 rum
269 2207 549 2297 Archi·Episcopi
575 2210 617 2275 ab
634 2209 771 2277 ineunte
788 2216 903 2277 aetate
920 2209 1115 2298 discipulus,
1140 2211 1195 2277 vir
1217 2210 1253 2276 in
1276 2211 1401 2279 divinis

140 2345 143 2350 ’
171 2314 351 2404 scripturis
375 2315 581 2383 exercitatus
614 2322 649 2382 et
681 2318 717 2384 in
741 2318 951 2384 secularibus
980 2317 1109 2385 litteris
1142 2318 1399 2402 eruditissimus,

172 2423 319 2490 carmine
343 2423 510 2490 excellens
535 2431 570 2490 et
593 2446 705 2513 prosa,
731 2447 843 2492 amore
867 2423 1019 2492 discendi
1036 2423 1185 2492 Scotiam
1208 2425 1400 2515 relinquens

171 2533 266 2599 venit
303 2532 339 2598 in
370 2531 566 2612 branciam,
607 2531 727 2598 deinde
758 2515 904 2606 ¹Italiam
942 2530 1170 2620 perlustravit
1209 2536 1244 2598 et
1282 2532 1403 2604 Asiam

171 2646 339 2729 postremo
363 2639 516 2705 Achaiae
547 2641 670 2708 finibus
707 2641 886 2720 excedens,
922 2642 958 2708 in
993 2645 1077 2709 urbe
1110 2641 1219 2707 Roma
1253 2638 1403 2707 mirabili

173 2746 327 2814 doctrina
358 2746 471 2814 clarus
495 2737 635 2818 effulsit.
683 2749 829 2840 Scripsit
868 2757 981 2818 autem
1016 2757 1050 2818 et
1081 2756 1188 2817 metro
1221 2753 1256 2813 et
1289 2747 1403 2816 soluta

172 2853 324 2920 oratione
347 2854 447 2944 plura
471 2857 642 2944 opuscula,
668 2857 709 2923 de
725 2858 846 2948 quibus
859 2881 919 2946 ego
932 2864 1068 2926 tantum
1090 2857 1202 2947 reperi
1213 2855 1397 2926 subiecta.“

173 2961 270 3029 Inter
286 2965 457 3051 opuscula,
483 2987 569 3055 quae
582 2963 719 3032 Sedulio
733 2964 897 3032 adscribit
912 2965 981 3048 ille,
1006 2965 1134 3053 legitur
1147 2971 1182 3031 et
1194 2964 1257 3030 hoc
1267 2959 1283 3030 :⁴
1301 2961 1402 3050 „Epi-

173 3068 280 3136 stolas
305 3069 421 3158 plures
445 3069 490 3137 ad
514 3070 674 3138 diversos.
710 3069 769 3138 lib.
805 3070 833 3138 Ι.
872 3069 1029 3139 Sedulius
1060 3069 1269 3159 Scotigena.“
1318 3068 1404 3135 Post

176 3177 411 3264 opuscolcrum
441 3177 726 3244 enumerationem
749 3177 863 3266 pergit
885 3179 937 3246 ita
965 3178 1067 3262 „Alia
1093 3199 1226 3267 quoque
1240 3177 1404 3244 nonnulla

174 3281 292 3363 edidit,
317 3306 403 3371 quae
427 3285 471 3350 ad
488 3273 652 3352 ¹notitiam
676 3309 784 3353 meam
806 3310 873 3353 non
896 3293 1074 3356 venerunt.
1113 3286 1180 3353 Hic
1202 3285 1340 3353 tandem
1363 3293 1403 3356 ut

174 3388 372 3478 Sigebertus
404 3393 544 3476 scribit,
582 3393 771 3482 Episcopus
803 3395 981 3462 ordinatus
1011 3395 1097 3477 fuit,
1139 3382 1203 3461 sed
1228 3394 1404 3462 ecclesiam

173 3496 230 3562 vel
261 3499 378 3564 urbem
409 3500 484 3583 ubi,
506 3523 588 3567 -non
618 3485 791 3589 exprimit.
845 3501 980 3569 Claruit
1010 3503 1072 3569 sub
1096 3501 1283 3569 Theodosio
1316 3525 1403 3569 anno

175 3600 416 3672 CCCCXXX.“

281 3710 461 3780 'l'rithemii
499 3713 540 3780 de
578 3703 693 3803 patria
732 3712 863 3780 Sedulii
908 3713 1111 3781 sententiam
1149 3714 1258 3781 secuti
1300 3719 1400 3784 sunt:

106 3837 108 3842 ’
174 3819 388 3888 Ueserius
412 3823 468 3910 (cf.
493 3823 534 3891 de
557 3823 644 3893 Brit.
678 3823 757 3894 eccl.
781 3824 880 3912 prim.
913 3847 940 3892 c.
969 3823 1040 3913 16):
1090 3821 1163 3910 „De
1194 3821 1310 3911 patria
1342 3843 1404 3888 sua

176 3925 335 3995 Sedulius
357 3934 473 3996 noster
496 3929 654 3996 dubitare
677 3952 738 3998 nos
761 3943 835 3996 non·
853 3929 953 4012 sinit,
988 3952 1091 4020 quum
1121 3928 1158 3996 in
1181 3928 1405 4019 epistularum

177 4056 315 4101 suarum
338 4038 495 4122 exordio,
531 4045 579 4106 ut
602 4062 651 4106 ex
674 4039 920 4108 Trithemio
956 4037 1265 4107 intelleximus
1301 4035 1405 4104 Sedu·

177 4140 260 4206 lium
284 4139 498 4232 Scotigenam
532 4146 606 4234 ipse
640 4168 676 4213 se
712 4152 883 4235 nuncupet
919 4145 1134 4234 eiusdemque
1167 4144 1203 4210 in
1239 4140 1404 4230 epistulas

177 4245 340 4315 Paulines
363 4252 599 4321 adnotationes
623 4276 664 4320 ex
687 4254 851 4321 Fuldensi
873 4253 1060 4322 vetustatis
1084 4251 1276 4319 adorandae
1297 4270 1404 4314 exem-

177 4350 269 4440 plari
306 4353 440 4439 editae,
481 4357 568 4426 hanc
600 4359 854 4448 inscriptionem
888 4358 1085 4446 praeferant
1123 4354 1274 4443 „Sedulii
1309 4353 1407 4422 Secti

177 4457 411 4529 Hiberniensis
433 4462 470 4529 in
493 4487 605 4532 omnes
629 4464 796 4556 epistulas
812 4464 1188 4532 Paulicollectaneum“
1204 4462 1406 4530 -Fabri-

179 4566 274 4632 cius
299 4567 393 4656 (bibl.
417 4567 479 4637 lat.
496 4569 579 4637 med·
599 4570 706 4638 etinf.
731 4577 797 4640 aet.
821 4569 881 4637 VI.
906 4592 939 4658 p.
967 4571 1053 4653 157),
1078 4567 1322 4653 cellarius,
1348 4568 1405 4657 qui
