3272 5200
650 186 871 250 -71-

141 360 237 448 Virg.
255 360 318 427 Ae.
335 360 425 427 VIH
440 362 702 449 3091u9redtms
713 363 860 448 uarioque
876 368 981 427 uiam
992 383 1181 426 sermone
1199 361 1211 424 l
1220 359 1370 423 enabat.

357 511 401 520 -
440 473 505 539 462
523 521 530 536 .
549 495 831 559 ,qressumque
855 496 946 538 eanes
961 474 1214 538 comitantur
1235 464 1372 530 herilem.

270 576 457 662 [invocatio
482 575 638 662 (Mariae)
660 569 706 642 ud
729 576 870 663 Virgilii
894 578 1065 666 exemplar
1088 561 1248 657 formata]

144 681 243 749 1163
292 682 430 764 Salve,
455 697 600 747 saneta
617 708 795 769 parens,
820 685 915 749 enine
935 708 1095 770 puerpera
1121 705 1231 769 reqem,

193 779 200 795 ’
295 787 360 866 Qui
380 787 509 869 eaelum,
534 802 711 874 terramque
734 803 812 854 tenet
829 813 892 876 per
914 789 1030 869 secula,
1057 789 1145 852 enirm

292 897 416 962 Numen
441 912 468 962 et
492 913 616 962 aeterna
641 899 844 986 complectens
869 899 976 962 omnia
998 920 1078 984 qqro
1091 899 1114 975 ¹)
1173 909 1176 915 ‘
1236 913 1241 916 ’
1329 912 1334 918 ·
1366 909 1385 920 “

290 1003 517 1083 Imperium
539 1009 627 1070 sine
644 1007 743 1093 fine
766 1019 879 1071 manet.
899 1055 905 1069 .
926 1054 961 1069 ..

144 1105 241 1194 Virg.
256 1108 319 1174 Ae.
339 1107 372 1173 V
407 1111 451 1177 80
467 1110 598 1191 Salve,
621 1103 917 1198 sanetaparens
935 1161 941 1175 .
960 1159 967 1174 .
985 1108 1039 1198 (ef.
1057 1109 1161 1175 eiiam
1172 1105 1369 1193 Ge.IIll3)

253 1251 299 1262 --
355 1213 454 1282 1236
475 1216 540 1294 Qut
559 1241 656 1297 mare,
682 1218 740 1301 qui
759 1231 861 1281 terras
885 1219 970 1281 omni
994 1217 1115 1300 dicione
1139 1228 1284 1294 tenerent,

251 1359 297 1370 -
354 1321 373 1386 Ι
389 1323 453 1387 609
470 1322 598 1410 Semper
613 1324 711 1387 honos
726 1319 894 1408 nomenque
909 1337 997 1386 tuum
1010 1323 1179 1406 laudesque
1195 1318 1371 1398 manebunt,

250 1465 298 1476 -
354 1421 698 1514 I2l9Imperium
722 1429 920 1514 sinefe'ne
944 1429 1107 1494 dedi...

1280 1695 1284 1704 r

357 1664 456 1731 1346
472 1665 636 1753 Eniquum
652 1668 783 1732 concede
806 1668 941 1748 demum,
966 1682 1036 1731 tuus
1061 1667 1167 1730 insola
1190 1679 1308 1730 sanetis

146 1765 241 1855 Virg.
251 1767 315 1837 Ae.
327 1769 383 1836 ΙΠ
397 1773 438 1838 85
456 1773 693 1860 Dapropriam,
712 1775 911 1863 Thymbraee,
924 1777 1061 1854 domum,
1080 1776 1123 1839 da
1135 1777 1257 1839 neemia
1261 1773 1371 1861 fessis.

524 1878 651 1968 [imago
674 1881 854 1948 esurientis
879 1879 997 1969 leonis]

147 1981 183 2049 II
199 1987 267 2050 110
283 2005 309 2051 S.
542 2033 550 2049 .
568 2036 576 2050 .
594 2036 601 2049 .
619 2037 627 2052 .
651 2011 706 2052 een
730 1987 776 2052 leo
792 1989 959 2075 frendens,

340 2091 438 2157 Unius
461 2093 500 2157 ab
524 2119 575 2157 ore
599 2108 684 2158 tener
706 2096 805 2159 subita
829 2119 923 2180 quum
946 2095 1064 2158 labitur
1089 2117 1200 2182 aquus,

338 2200 379 2263 In
396 2209 490 2265 tolum
506 2216 602 2266 movet
618 2227 709 2266 arma
723 2227 857 2291 qreqem,
874 2203 1121 2287 manditque
1144 2202 1360 2283 trahitque

335 2307 377 2369 M
380 2306 464 2371 olle
479 2329 609 2394 pecus
616 2357 626 2390 ,
651 2308 851 2395 trepidaeque
874 2322 986 2373 uacant
1008 2332 1067 2372 sua
1083 2310 1227 2395 piqnora
1243 2305 1349 2393 foetae

336 2414 569 2502 Nequidquam,
599 2426 626 2480 et
648 2439 764 2481 uacuas
789 2417 919 2504 implent
942 2416 1098 2480 balatibus
1122 2438 1229 2480 nurus.

339 2524 457 2587 Haud
478 2548 597 2588 secus
619 2523 764 2589 Herodes
766 2574 878 2589 .....

149 2629 242 2718 Virg.
261 2630 325 2696 Ae.
342 2630 395 2696 IX
418 2633 483 2697 339
509 2653 535 2698 S.

256 2739 406 2829 Impastus
429 2765 484 2806 eeu
500 2742 602 2829 plena
626 2743 673 2807 leo
690 2766 752 2829 per
776 2743 871 2808 ouilia
894 2744 1023 2807 turbans

259 2847 392 2930 (Suadet
413 2849 497 2912 enim
519 2872 657 2913 uaesana
672 2850 794 2937 fames)
820 2849 1059 2933 manditque
1082 2847 1297 2930 trahitque

255 2955 383 3021 Melle
403 2956 565 3044 pecusi)
589 2971 767 3043 mutumque
782 2973 879 3039 metu,
910 2957 1057 3043 fremit
1081 2949 1374 3037 oresruentoi)

151 3066 184 3128 et
197 3061 262 3132 Ae.
279 3062 351 3128 XII
369 3067 386 3128 i
404 3085 432 3129 s,

261 3163 487 3237 Tum'demum
509 3189 607 3238 mouet
629 3198 722 3238 arma
746 3176 792 3240 leo
814 3175 990 3263 qaudetque
1014 3174 1164 3237 comantis
1183 3220 1189 3232 .
1209 3215 1241 3232 ..

470 3327 556 3343 ....
581 3293 609 3345 et
624 3279 740 3366 fremit
763 3304 815 3345 ore
839 3295 964 3345 cruento

256 3386 376 3449 Haud
397 3411 512 3451 secus
534 3409 663 3453 aceensa
685 3388 791 3477 qliseit
813 3390 960 3454 uiolentia
987 3387 1102 3452 Turne.

153 3497 185 3558 et
205 3489 258 3557 IX
280 3491 346 3558 565

260 3598 441 3676 Quaesitum
465 3615 521 3664 aut
543 3603 642 3666 matri
661 3603 766 3666 miultis
790 3601 945 3665 balatibus
969 3624 1175 3688 equiem...

261 3830 282 3899 ¹)
301 3831 345 3884 Sic
357 3829 488 3882 Arevalus
507 3835 534 3883 et
552 3831 607 3883 alii.
622 3831 683 3884 (iod.
697 3832 776 3885 Taur.
790 3850 909 3900 „nonam
923 3834 1082 3885 aeternum“
1096 3863 1132 3872 -
1147 3829 1269 3898 „nonnul‘
1285 3830 1376 3892 genui·

153 3933 210 3970 nam
229 3920 287 3972 esse
306 3920 445 3972 lectionem
463 3924 569 3987 praeter
587 3922 643 3971 alia
662 3937 694 3973 ex
712 3935 791 3985 prosa
810 3922 917 3985 colligo:
947 3927 993 3988 „ut
1013 3923 1069 3973 eius
1088 3921 1235 3988 imperium,
1255 3922 1374 3986 potestas

153 4010 178 4058 et
194 4023 288 4059 nomen
305 4023 354 4059 nec
372 4009 478 4060 initium
497 4009 604 4059 noverit
622 4009 719 4060 habere
738 4025 786 4061 nec
806 4011 908 4062 finem.“
939 4010 976 4060 At
988 4011 1061 4062 vocis
1073 4015 1221 4072 ‚aeternum
1242 4010 1371 4075 syllabam

154 4094 312 4150 desinentem
337 4103 398 4163 ,um‘
425 4099 605 4164 accipiendam
623 4116 672 4166 pro
693 4100 724 4164 ‚0‘
745 4116 803 4152 cum
822 4117 854 4153 ex
872 4103 939 4152 rimo
958 4089 1175 4167 penthemimeris
1203 4117 1260 4154 eum
1279 4093 1372 4154 versus

154 4185 201 4239 fine
219 4192 275 4240 tum
294 4205 326 4240 ex
345 4189 655 4255 codicisseripturarum
674 4188 884 4255 proprietatibus
897 4189 965 4241 satis
977 4194 1053 4255 patet
1072 4190 1115 4258 (ci,
1129 4193 1156 4241 in
1177 4188 1370 4255 subscriptione

155 4276 281 4340 epistulae
299 4280 321 4332 Ι.
341 4277 392 4348 „ad
411 4275 606 4345 Macedoneo“).

257 4363 277 4432 ²)
297 4365 336 4419 Oi.
349 4367 395 4418 Ge.
409 4365 451 4419 111
469 4363 530 4420 299.

258 4451 521 4522 Uffistmfflffi
