3196 5196
765 197 988 312 „20ss

266 420 401 486 annon?
432 419 555 504 Recte,
588 426 628 487 ut
651 417 785 508 opinor,
818 443 893 487 cum
915 419 1070 501 nonsit,
1107 419 1195 509 quod
1218 415 1365 484 Notkeri
1388 417 1505 482 verba

265 525 301 592 in
332 525 575 594 dubitationem
601 548 766 594 vocemus.
820 525 887 594 Sed
919 526 1139 615 respiciamus
1176 524 1254 593 alia.
1308 525 1350 590 In
1381 521 1505 588 codice

266 631 365 702 Vind.
386 637 402 700 l
427 637 505 721 post
528 633 635 700 vitam
657 629 824 698 Johannis
848 631 888 719 (c.
906 635 949 701 93
973 631 1023 700 ed.
1040 629 1158 718 Van),
1183 629 1237 696 cui
1261 628 1416 716 adpictus
1442 631 1507 693 cst

263 763 424 808 numerus
448 738 633 826 CCXXVI,
658 740 839 827 leguntur:

537 856 542 862 ·
668 851 796 936 meaa
816 835 959 914 toraca
980 833 1087 913 varai

266 952 381 1019 eadem
412 975 513 1019 manu
544 953 692 1042 scriptae
726 959 915 1043 sequuntur
940 954 1033 1020 vitae
1062 953 1231 1020 Honorati
1255 951 1499 1038 (CCXXVII),

267 1047 417 1125 Cerealis
431 1057 681 1148 (CCXXVIII),
698 1059 843 1146 Eugenii
854 1057 1120 1145 (camma,
1134 1059 1282 1126 Pomerii
1294 1055 1491 1148 (CCXXX).

267 1165 490 1256 Subsequitur
535 1166 663 1233 litteris
703 1166 739 1232 in
778 1165 886 1232 maius
930 1165 1076 1232 diductis
1120 1171 1154 1232 et
1192 1165 1258 1231 alio
1300 1174 1495 1234 atramento

267 1275 395 1363 scripta
427 1275 602 1341 annotatio
634 1277 736 1341 haec:
772 1275 870 1356 „Rem
900 1282 931 1338 la
955 1276 1020 1339 alio
1044 1276 1219 1362 exemplari
1242 1276 1415 1361 reperimus
1438 1279 1495 1338 hoc

239 1371 355 1444 'oudo
381 1379 502 1446 CCXX
508 1383 561 1448 VI.
603 1385 756 1449 iohannes
780 1384 986 1448 ambiacensis
1013 1385 1204 1470 parrochiae
1237 1408 1274 1446 ea
1305 1385 1500 1470 pemmatieo

260 1473 335 1574 prb.
369 1472 425 1553 erl.
450 1517 518 1578 usq.
543 1515 582 1557 eac
605 1507 742 1582 tempore
766 1492 961 1556 declamator
984 1495 1079 1556 etsie
1097 1505 1208 1578 posteo
1231 1494 1371 1576 sequitur

269 1594 392 1661 OOXX
397 1597 486 1662 VIII
507 1601 674 1686 pelosiae.
709 1648 716 1663 .
749 1647 757 1662 .
790 1647 798 1661 .
859 1596 1015 1662 OOXXX
1036 1597 1115 1685 ,Epo
1151 1600 1334 1683 peaaadioe
1364 1647 1371 1660 .
1404 1652 1411 1664 .
1444 1648 1452 1663 .
1491 1649 1498 1663 .

465 1690 470 1701 '
900 1691 1010 1770 unii
1276 1717 1279 1724 ¹

267 1795 337 1898 epila
359 1811 447 1874 orbas
469 1833 575 1875 romae
599 1798 713 1899 esopi—td
987 1796 994 1807 ο

375 1916 525 1984 Eandem
553 1918 846 2007 subscriptionem,
885 1943 987 2008 quam
1011 1919 1082 1986 cod.
1106 1918 1209 1984 Vind.
1238 1924 1253 1983 1
1287 1923 1364 2005 post
1387 1917 1499 1984 vitam

266 2026 451 2105 Johannis‚
488 2027 591 2094 habet
629 2028 731 2094 etiam
766 2030 837 2098 cod.
861 2029 1003 2096 Cisterc.
1029 2029 1083 2114 (cf.
1108 2026 1275 2093 Vallarsii
1299 2049 1374 2092 ann.
1400 2051 1430 2094 a.
1456 2028 1499 2116 l.)

267 2133 395 2200 Seriem
421 2133 602 2201 auctorum
620 2136 734 2203 eodem
758 2137 831 2204 loco
855 2137 1003 2204 absolvit
1027 2135 1127 2204 Vind.
1153 2141 1173 2204 2
1196 2135 1269 2200 his:

377 2245 537 2330 „Eapliell
575 2247 653 2311 liber
689 2251 791 2312 sancti
825 2247 985 2332 (leucadii
1020 2247 1227 2312 massiliensis
1251 2229 1316 2325 HE
1350 2245 1389 2308 de
1417 2245 1496 2308 ella-

266 2352 381 2414 stridas
404 2353 509 2416 vira.“

373 2457 531 2540 Accedit,
568 2460 656 2546 quod
683 2459 907 2525 Honorius
939 2455 1365 2545 Augustodunensis
1402 2456 1495 2539 (aa.

269 2565 370 2647 1120)
402 2563 517 2652 script.
551 2565 628 2632 eccl.
653 2565 689 2630 in
713 2563 800 2631 libro
825 2564 968 2631 secundo
993 2586 1011 2628 e
1040 2562 1263 2630 Gennadio
1294 2559 1495 2648 repetito

266 2672 328 2737 sub
352 2672 449 2738 finem
474 2672 576 2739 habet
597 2673 681 2743 haec
704 2673 836 2762 capita:
877 2699 903 2745 c.
920 2676 964 2740 92
988 2672 1179 2755 (lohannes,
1211 2694 1238 2739 c.
1256 2675 1298 2738 93
1323 2665 1493 2741 Gelasius,

266 2800 293 2844 a.
309 2779 352 2844 94
364 2777 577 2862 Honoratus,
604 2804 630 2849 c.
645 2786 687 2849 95
701 2782 859 2865 Cerealia,
884 2807 911 2851 c.
925 2788 967 2851 96
982 2783 1162 2861 Eusebius,
1188 2804 1214 2847 c.
1229 2783 1270 2846 97
1285 2777 1493 2845 Gennadius,

372 2883 425 2949 En
449 2885 621 2972 respicias,
646 2893 774 2977 quanta
798 2889 844 2953 sit
868 2888 1017 2955 codicum
1042 2886 1273 2976 discrepantia
1290 2885 1325 2949 in
1342 2889 1496 2966 extrema

264 2994 364 3076 parte
380 2988 474 3056 illius
490 2991 611 3077 operis.
643 2992 697 3058 Ex
718 3015 785 3058 uno
809 2993 879 3061 cod.
897 2992 1034 3060 Vindl
1062 2993 1179 3079 colligi
1202 2992 1283 3056 licet
1308 2981 1488 3058 librarium

265 3093 366 3182 plura
397 3099 432 3160 et
464 3095 600 3163 diversa
628 3098 833 3186 exemplaria
863 3105 942 3165 ante
967 3100 1079 3165 oculos
1103 3099 1272 3164 habuisse.
1314 3094 1377 3160 Cui
1401 3095 1489 3161 libro

265 3199 411 3265 maxima
443 3202 526 3269 fides
558 3205 608 3272 sit
632 3204 805 3288 habenda,
843 3213 917 3271 arte
949 3206 1068 3271 critica
1091 3205 1237 3270 nondum
1262 3205 1484 3278 constitutum

266 3313 327 3375 est.
366 3307 494 3375 Verum
517 3310 554 3377 id
576 3311 658 3378 mihi
681 3319 810 3379 certum
832 3335 904 3380 esse
920 3312 1057 3378 videtur
1072 3335 1136 3376 non
1153 3333 1251 3399 posse
1267 3333 1344 3376 cum
1359 3309 1484 3376 Eberto

265 3411 409 3501 aliisque
435 3415 600 3483 affirmari
624 3416 737 3505 capita
760 3421 932 3504 postrema
962 3416 1054 3482 haud
1081 3415 1180 3482 dubie
1209 3415 1387 3482 Gennadio
1416 3437 1493 3482 esse

266 3517 497 3589 abiudicanda
539 3522 704 3612 Equidem
722 3523 865 3592 Notkeri
888 3524 1000 3591 verbis
1023 3523 1121 3589 fidem
1147 3521 1253 3587 habeo
1280 3521 1490 3590 Gennadium

265 3628 385 3695 seriem
417 3638 592 3698 auctorum
622 3654 727 3722 usque
759 3634 803 3700 ad
833 3657 868 3700 se
899 3634 1009 3721 ipsum
1044 3633 1258 3699 continuasse
1292 3629 1491 3716 Hieronymi

266 3737 452 3827 exemplum
491 3745 526 3806 et
555 3739 590 3806 in
624 3742 687 3808 hac
723 3764 760 3808 re
790 3748 950 3810 secutum.
999 3741 1188 3807 Praeterea
1223 3740 1315 3805 vitae
1352 3737 1488 3818 Gelani,

265 3847 448 3935 Honorati,
485 3849 650 3934 Cerealis,
686 3851 898 3938 Eusebiiff),
936 3850 1105 3918 Gennadii
1142 3851 1245 3917 etiam
1280 3848 1315 3913 in
1351 3845 1491 3912 Honorii

266 3977 365 4044 opere
389 3957 493 4023 citato
517 3957 746 4027 inveniuntur.
769 3956 808 4024 Si
831 3962 944 4023 autem
967 3979 1050 4044 opus
1074 3955 1148 4023 vita
1172 3952 1341 4021 Gennadii
1363 3952 1489 4032 finitur,

264 4067 379 4129 utrum
414 4064 506 4131 vitas
539 4065 726 4146 Honorati,
763 4064 929 4146 Cerealis,
966 4063 1130 4151 Eugenii,
1161 4060 1324 4141 Pomerii,
1350 4080 1434 4147 quae
1456 4058 1490 4121 in

265 4167 466 4257 quibusdam
489 4170 656 4237 codicibus
680 4171 849 4258 legantur,
875 4169 1008 4257 spurias
1032 4191 1105 4234 esse
1129 4190 1173 4233 an
1195 4167 1329 4232 easdem
1352 4163 1389 4229 in
1415 4161 1489 4228 aliis

264 4271 361 4340 libris
391 4273 604 4342 intercidisse
627 4279 842 4344 statuamus?

373 4383 423 4450 At
453 4403 519 4446 non
551 4380 658 4447 solum
688 4379 724 4446 in
752 4379 861 4466 prima
893 4385 927 4445 et
960 4384 1109 4446 extrema
1133 4383 1232 4466 parte
1256 4377 1367 4465 operis
1402 4376 1487 4442 tales

266 4487 488 4555 difficultates
512 4487 638 4569 insunt,
664 4485 848 4554 sedetiam
871 4487 906 4553 in
931 4486 1018 4552 aliis.
1056 4485 1138 4552 Vita
1163 4484 1295 4560 Sidonii
1313 4487 1359 4568 (c.
1377 4485 1431 4571 92)
1453 4487 1487 4548 et
