3272 5200
663 391 909 454 -117-

167 584 240 628 mus
272 568 307 628 et
339 585 514 631 caesuram
552 566 831 654 inelegantiorem
870 571 905 632 et
936 587 1071 632 versum
1102 563 1244 630 similem
1275 564 1294 632 I
1325 567 1389 630 331

166 671 233 737 Hie
257 672 398 757 loquitur
421 675 529 754 mimae,
555 675 610 740 ille
632 688 726 756 tarel,
749 676 800 740 lic
824 675 979 755 ambulat,
1003 673 1053 738 lio
1075 685 1137 738 etat
1163 672 1165 759 l
1189 669 1280 736 Alter
1303 686 1392 736 amal

160 779 271 864 fluas,
305 781 386 844 aller
403 829 410 844 .
430 829 464 844 ..
494 781 583 847 Puto
617 786 737 869 „quia“
761 803 834 849 esse
859 780 1038 848 delendum
1060 779 1158 845 libris
1183 799 1385 868 quamquam

166 883 450 970 dissuadentibus,
475 893 515 954 ut
537 886 653 956 hiatus
677 889 856 968 efficiatur,
882 889 999 980 quales
1023 895 1103 956 sunt
1127 909 1230 975 supra
1261 911 1293 975 p.
1314 890 1389 955 112.
1417 969 1421 978 1

166 989 330 1057 Fortasse
353 992 457 1058 etiam
479 1014 599 1060 versus
625 997 688 1061 197
713 994 800 1064 LII.
825 1017 894 1061 non
917 995 1050 1082 integer
1073 999 1145 1061 eat:

427 1115 526 1181 Iueeil
548 1119 691 1199 adorari,
716 1133 745 1184 el
766 1119 827 1183 soli
842 1119 1044 1211 famularier
1067 1119 1137 1199 uui,

165 1237 202 1304 in
224 1237 369 1304 Arevali
392 1238 480 1305 enim
504 1239 616 1306 codiee
638 1239 767 1328 legitur
789 1243 875 1322 „soli
898 1245 957 1314 er‘.

278 1366 464 1434 Troehaioa
486 1367 556 1434 levi
579 1391 721 1435 caesura
744 1367 862 1436 divisit
885 1391 1022 1438 versus:

277 1475 379 1540 Plura
403 1477 488 1555 dari,
511 1501 663 1562 saeuoque
686 1479 790 1542 laeum
814 1478 973 1543 obsidione
995 1478 1097 1541 lameri
1115 1473 1148 1540 V
1165 1478 1240 1542 302.

276 1584 371 1648 Debet
393 1585 482 1666 seire,
506 1609 704 1671 eamusque
728 1585 885 1652 Satellius
908 1611 971 1651 esee
987 1587 1159 1673 faleadum
1184 1583 1282 1650 1323
1391 1654 1394 1670 ,

168 1707 283 1793 (simul
313 1707 473 1775 incisione
495 1708 668 1776 troehaioa
691 1710 838 1776 secunda
862 1710 1010 1776 admissa
1033 1709 1074 1776 ef.
1099 1707 1223 1774 Christ.
1258 1707 1299 1774 de
1323 1714 1390 1776 art.

169 1837 213 1883 m.
229 1838 261 1902 p.
282 1817 369 1899 191).

276 1939 318 2005 In
340 1946 494 2021 veterum
504 1924 506 1931 ¹
516 1946 693 2029 poetarum
708 1938 894 2030 praeclaris
918 1940 1074 2027 operibus
1090 1961 1157 2004 nou
1172 1961 1251 2004 raro
1267 1959 1387 2004 versus

168 2045 332 2132 inveniri,
365 2046 486 2135 quibus
515 2047 552 2113 in
583 2069 725 2113 caesura
748 2046 988 2135 semiquinaria
1011 2050 1046 2111 et
1068 2065 1189 2110 versus
1213 2044 1280 2110 fine
1304 2044 1396 2109 simi-

168 2153 250 2220 liter
276 2160 395 2220 sonent
419 2154 583 2237 syllabae,
607 2154 707 2221 hodie
729 2177 824 2221 nemo
841 2153 957 2220 nescit.
997 2151 1183 2219 Nominant
1206 2155 1321 2216 autem
1336 2149 1397 2214 hos

168 2283 289 2340 uersus
303 2261 464 2330 leoninos.
504 2261 653 2328 Tantum
677 2263 774 2328 abest
795 2267 835 2328 ut
857 2267 973 2349 putem
996 2261 1085 2327 tales
1101 2281 1222 2326 versus
1239 2281 1260 2324 a
1279 2255 1407 2346 poetis,

170 2390 294 2436 aureae
319 2369 443 2436 aetatis
466 2369 663 2435 litterarum
685 2369 915 2435 Romanarum
931 2367 1069 2434 oonsilio
1087 2388 1159 2432 esse
1176 2362 1385 2452 compositos,

168 2482 210 2542 ut
232 2496 347 2542 eorum
368 2474 508 2562 plurimi
532 2496 613 2541 oasu
635 2474 723 2541 tales
746 2475 820 2541 nati
843 2496 916 2540 esse
939 2472 1022 2537 mihi
1043 2471 1176 2561 quidem
1191 2469 1397 2536 videantur.

168 2583 220 2650 At
243 2590 419 2673 poetarum
441 2583 615 2669 vergentis
632 2582 850 2672 antiquitatis
865 2579 1032 2669 permulti,
1058 2581 1117 2668 qui
1133 2577 1265 2644 omnino
1284 2572 1392 2642 versi-

170 2689 234 2757 bus
267 2696 384 2757 ornate
414 2689 580 2776 fingendis
611 2690 755 2754 multam
786 2711 921 2778 operam
952 2687 1134 2767 dederunt,
1171 2679 1324 2752 consulto
1356 2685 1391 2746 et

172 2799 318 2885 cogitato
334 2799 428 2865 rimis
451 2820 571 2864 versus
595 2820 775 2864 exornasse
799 2803 879 2863 sunt
902 2794 1056 2886 putandi.
1097 2792 1202 2858 Cuius
1229 2790 1281 2856 rei
1294 2787 1395 2855 testis

172 2904 255 2970 mihi
276 2909 329 2970 est
353 2903 529 2985 SeduliuS,
562 2909 663 2990 poeta
695 2903 825 2969 omnino
849 2924 1009 2968 versuum
1038 2899 1298 2966 artificiosorum
1321 2902 1393 2962 stu·

175 3009 286 3076 diosus
310 3010 366 3097 (af.
385 3032 489 3097 supra
501 3009 567 3096 43),
593 3007 629 3074 in
653 3009 748 3074 ouius
764 3007 911 3074 carmine
927 3004 1083 3094 paschali
1096 3003 1258 3093 permulti
1272 3023 1392 3067 versus

172 3118 296 3186 leonini
311 3118 542 3188 inveniuntur.
578 3118 626 3184 Et
648 3119 684 3184 in
706 3117 814 3206 primo
838 3117 972 3206 quidem
995 3116 1083 3182 libro
1108 3119 1282 3199 (versuum
1299 3111 1400 3176 hexa-

171 3232 356 3293 metrorum
380 3227 460 3308 368)
487 3228 540 3307 99,
564 3231 623 3292 ut:

217 3377 250 3422 v.
321 3359 341 3421 3
366 3356 453 3420 Poae
475 3357 690 3442 supercilium,
714 3357 746 3419 oi
766 3368 794 3418 te
817 3353 978 3440 copaosoie
1002 3350 1150 3415 amioum,

217 3485 250 3530 v.
320 3464 338 3527 7
363 3461 408 3525 Al
430 3464 463 3526 si
481 3485 672 3549 mapaorum
695 3461 819 3546 caperis
842 3458 1009 3522 dulcedine
1032 3477 1149 3520 rerum.

217 3593 249 3638 v.
298 3574 341 3639 10
367 3571 508 3648 Quorum
531 3570 721 3656 multiplices
744 3594 800 3633 aee
823 3579 1032 3632 numeramur
1056 3587 1138 3650 opes·

219 3701 251 3746 v.
299 3681 342 3744 22
366 3679 515 3744 Plurima
537 3679 679 3743 Niliaeir
701 3677 833 3742 tradam
854 3675 1022 3764 mendacia
1045 3672 1145 3738 biblis.

219 3805 252 3850 v.
278 3787 343 3850 174
367 3785 463 3849 Numa
486 3786 586 3849 boario
609 3783 732 3864 Heliae,
759 3784 816 3867 qui
830 3781 976 3869 perfidae
999 3792 1071 3843 aule
1093 3776 1175 3844 Noe.v

218 3915 252 3981 v.
276 3895 343 3962 350
369 3894 466 3971 Quem
490 3895 594 3980 mapie
617 3891 756 3977 offen-dil,
781 3890 922 3975 quisquis*
944 3886 1103 3973 sperando
1126 3886 1262 3972 tepescit.

218 4024 250 4069 v.
275 4005 340 4070 359
368 4003 510 4080 Qualuor
532 4002 569 4066 li
584 4024 731 4088 proceres
754 4022 821 4063 uaa
844 4011 871 4061 le
893 4019 963 4060 ooee
987 4008 1140 4060 eamealee.

220 4134 253 4178 v.
278 4114 345 4178 360
371 4111 526 4197 Tempora
548 4134 604 4174 eeu
626 4109 763 4186 tolidem,
789 4107 888 4171 lutum
912 4114 1108 4191 sparpumlur
1130 4105 1166 4167 ia
1189 4102 1303 4166 orbem.

219 4241 252 4286 v.
278 4221 343 4286 369
370 4218 498 4284 Samma
519 4220 680 4299 milleales,
703 4236 774 4280 mom
798 4214 1009 4280 exultabimus
1033 4235 1154 4281 omnes,

172 4325 212 4392 in
236 4324 381 4391 seeundo
405 4324 493 4391 libro
517 4326 562 4409 (v.
580 4324 658 4406 300)
682 4324 734 4402 74,
759 4325 817 4386 ut:

219 4454 252 4500 v.
301 4433 343 4496 82
368 4431 456 4496 Siout
479 4428 693 4509 adoraudum,
718 4451 808 4514 quem
830 4439 946 4490 lroolal
962 4423 1088 4511 froude
1110 4421 1299 4485 aeoamlum.

219 4561 251 4607 v.
279 4541 344 4605 105
369 4538 405 4604 Si
428 4539 572 4625 cupimus
588 4542 733 4623 patriam
756 4547 872 4599 tantem
896 4534 1073 4618 aomiapere
1092 4541 1270 4615 postquam.

221 4668 254 4716 v.
281 4648 345 4714 150
372 4643 492 4708 Tollere
515 4665 611 4728 quum
634 4641 720 4722 dioil,
745 4639 828 4725 quod
851 4661 913 4702 aaa
936 4637 1033 4716 habel,
1056 4637 1114 4698 loo
1137 4633 1218 4728 mili
1237 4630 1328 4695 tollit.
