3196 5196
668 287 868 350 -q-

273 465 378 528 Nabis
400 479 483 529 certa
501 465 586 550 fides
610 478 752 527 aeternae
775 466 808 527 iu
831 463 959 527 saecula
983 462 1090 526 laudis

273 572 447 637 Inmortales
470 571 563 635 decus
587 571 701 634 tribuet
723 571 928 654 meritumque
951 568 1108 654 rependet.

274 682 360 746 Nara
384 682 464 744 mitt
484 703 609 743 carraea
634 680 691 742 erit
718 676 837 742 Otrtste'
856 677 968 740 actalia
990 690 1077 764 pasta

274 789 426 854 Debitum
451 791 485 852 iu
502 788 633 875 populis
649 787 739 872 falsi
759 789 826 851 ¹sirie
851 788 981 850 erirr'ee'ree
1005 788 1134 850 dorsum.

274 895 341 958 Nec
365 907 472 974 metas,
498 908 531 957 at
556 893 671 956 mundi
692 895 824 980 rapiant
847 891 996 956 incendia
1019 915 1122 956 secam

275 999 347 1063 Hac
373 1023 452 1086 opus
476 1047 652 1061 ......

266 1121 351 1187 Orat
381 1116 418 1184 in
448 1119 581 1207 prologi
614 1119 680 1184 fine
712 1123 751 1184 ut
783 1117 977 1184 sanctificus
1009 1115 1074 1184 sibi
1107 1117 1198 1183 adsit
1233 1116 1385 1205 spiritus,

156 1230 314 1298 carminis
357 1234 485 1294 auctor.
532 1227 695 1294 Enarrat‘
715 1228 832 1294 deinde
868 1251 929 1317 per
953 1233 1099 1316 quatuor
1122 1228 1226 1294 libros
1258 1222 1389 1290 Christi

160 1336 321 1422 „vitalia“
355 1335 446 1400 facta
463 1333 599 1421 eiusque
615 1332 761 1419 gratiam
779 1329 821 1398 in*
835 1334 900 1400 fine
917 1333 1027 1422 operis
1043 1333 1220 1422 praedicat
1235 1329 1389 1398 versibus

155 1443 216 1510 IV.
243 1445 307 1509 803
332 1462 399 1529 seq.

242 1573 378 1635 ...in
401 1583 522 1632 tactura
546 1569 626 1632 arilei
647 1569 730 1632 lauit
752 1573 859 1656 pratia
886 1569 1011 1645 Obruit,

248 1677 396 1740 Versibus
420 1687 453 1738 ut
475 1676 576 1740 reatris
599 1675 726 1738 diuinae
748 1677 850 1762 gloria
874 1676 949 1762 lepis

244 1784 493 1848 Ornameuta
517 1784 652 1848 libeas
676 1799 843 1871 caperet
866 1787 1095 1850 terrestria
1119 1787 1305 1872 liuguae.

264 1908 335 1976 Nec
378 1907 508 1993 gloriae
551 1929 627 1995 spes
659 1907 850 1974 Juvenoum
893 1909 937 1974 ad
982 1908 1154 1997 exemplar
1190 1907 1391 1996 optimorum

158 2012 336 2100 gentilium
361 2017 539 2100 poctarum
562 2011 717 2099 inprimis
741 2011 882 2099 Virgilii
894 2017 916 2098 1)
948 2012 1126 2079 historiam
1159 2012 1391 2099 evangelicam

158 2120 304 2187 heroicis
322 2121 478 2186 versibus
486 2120 739 2199 ‘describentem
755 2121 889 2203 fefellit.
925 2119 1064 2202 Quanta
1080 2121 1167 2186 enim
1184 2118 1391 2186 auctoritate

162 2233 196 2294 et
220 2234 383 2314 vergente
407 2225 614 2314 antiquitate
638 2234 674 2291 et
696 2225 804 2291 medic
830 2248 914 2292 aevo
938 2225 1059 2307 fuerit,
1096 2249 1172 2292 cum
1204 2247 1245 2291 ex
1270 2223 1390 2311 elogiis

146 2335 203 2404 ,ab
227 2333 425 2400 Arevalo
450 2331 620 2419 congestis
645 2331 764 2419 (praef.
790 2357 821 2420 p.
849 2338 904 2418 11)
936 2339 1009 2400 turn
1043 2337 1204 2400 extento
1228 2331 1392 2398 librorum

159 2441 468 2529 manuscriptorum
484 2462 630 2523 numeru,
657 2425 898 2530 quibuscpera
915 2441 987 2507 eius
1005 2442 1049 2507 ad
1065 2463 1126 2507 nos
1150 2443 1388 2528 pervenerunt,

160 2549 312 2636 colligas.
367 2547 455 2614 Eum
491 2547 617 2614 secuti'
636 2548 696 2615 alii
730 2549 885 2637 singulas
920 2556 1037 2638 partes
1072 2548 1236 2615 historiae
1273 2563 1391 2612 sacrae

158 2656 304 2723 heroicis
339 2655 494 2722 versibus
539 2655 791 2737 describebant,
832 2658 1019 2746 composuit
1058 2677 1191 2723 carmen
1230 2650 1391 2740 paschale

159 2764 339 2832 historiam
373 2763 499 2830 veteris
538 2768 573 2830 et
607 2763 688 2830 novi
727 2765 925 2832 testamenti
960 2764 1134 2832 continens
1168 2760 1389 2844 Sedulius,

159 2894 277 2962 quem
312 2872 442 2961 quasi
480 2872 669 2940 alterum
704 2852 951 2961 Virgilium
987 2872 1197 2963 aequales
1232 2876 1274 2936 et
1308 2892 1392 2937 sae·

160 2977 282 3059 cula,
315 3000 426 3066 quae
457 2983 613 3044 secuta
644 2985 767 3060 sunt,
801 2979 1135 3046 admirabantur
1158 2981 1201 3043 et
1224 2998 1392 3043 venera·

157 3086 328 3153 bantur.
375 3083 399 3150 J
402 3083 522 3150 arenci
541 3089 576 3150 et
592 3081 723 3150 Sedulii
746 3084 952 3152 carminibus
976 3083 1078 3150 editis
1101 3081 1248 3170 gentiles
1269 3089 1392 3171 poetae

158 3192 246 3258 victi
263 3213 335 3258 csse
350 3190 557 3258 videbantur
572 3191 768 3274 Isidore,
792 3215 867 3260 cum
883 3195 979 3260 ambo
991 3191 1156 3258 laudibus
1164 3189 1301 3256 efferret
1319 3187 1391 3254 his:

229 3403 231 3408 Α
341 3317 443 3382 Araba
460 3342 562 3405 pares
586 3320 707 3404 linqua,
724 3322 878 3406 florentes
900 3323 1039 3388 uersibus
1064 3321 1154 3384 aruba

344 3423 444 3486 Forte
467 3424 644 3510 euangelica
660 3427 782 3512 pocula
807 3428 898 3514 larga
914 3429 1038 3516 seruat.

342 3529 457 3592 Desine
479 3529 650 3617 gentilibus
674 3555 744 3618 ergo
768 3535 931 3598 ebsercisse
949 3535 1063 3620 poetis,

345 3637 433 3702 Dara
457 3637 538 3702 beau
561 3651 651 3701 tauta
667 3652 767 3726 potes,
792 3641 871 3726 quid
894 3642 955 3706 tibi
977 3639 1200 3707 Callirrhoen?

269 3761 336 3830 Sed
359 3762 389 3828 si
406 3784 560 3851 quaeras,
585 3748 664 3829 uter
687 3763 766 3831 olim
788 3765 1018 3854 praestantior
1035 3767 1086 3838 sit,
1096 3767 1234 3835 habitus
1251 3772 1287 3833 ct
1302 3790 1391 3836 nunc

162 3870 389 3960 praeferatur,
416 3868 626 3938 Sedulius
658 3879 711 3940 est
732 3874 966 3942 nominandus
1013 3875 1100 3942 Nam
1138 3897 1202 3965 quo
1231 3873 1392 3941 maiorem

164 3997 298 4062 operam
337 3975 431 4042 dedit
465 3975 520 4042 hic
552 3976 691 4044 carmini
722 3997 762 4045 ex
786 3985 939 4046 veterum
969 3987 1147 4069 poetarum
1177 4003 1268 4047 more
1299 3985 1392 4048 recte

163 4080 385 4167 componendo
410 4081 630 4171 versibusque
654 4090 772 4150 ornate
787 4085 964 4173 fingendis,
989 4085 1059 4167 ille,
1076 4109 1118 4152 ne
1137 4085 1390 4174 evangeliorum

161 4188 268 4253 verbs
299 4185 468 4255 laederet:
508 4209 546 4255 eo
571 4189 679 4276 magis
704 4191 856 4258 Juvenco
880 4192 1103 4261 artificiosum
1126 4214 1209 4282 opus
1234 4192 1392 4260 Sedulius

269 4440 289 4510 1)
307 4440 416 4504 Virgilii
435 4439 611 4493 imitationem
623 4441 815 4497 Juvencianam
828 4447 966 4511 tractavit,
989 4461 1042 4498 non
1060 4445 1179 4498 absolvit
1198 4443 1338 4509 Gcbsorus,
1359 4441 1393 4496 dc

158 4530 273 4582 Juvenoi
290 4531 350 4583 vita
368 4535 395 4582 ct
414 4532 526 4598 scriptis
546 4537 594 4585 etc.
633 4536 716 4588 lenae
737 4535 813 4593 1827.
834 4552 859 4603 p.
880 4536 914 4593 26
935 4553 989 4602 seq.
