3196 5196
637 330 861 392 -13-

128 505 212 570 libet
237 503 399 570 metricae
421 501 570 568 numeris
595 502 792 590 disciplinae
826 502 1014 590 priscorum
1043 503 1209 570 scelerata
1238 510 1363 591 tempo-

127 631 203 675 rum
227 616 403 695 gesta...
423 613 452 674 .“
501 607 691 674 Genuinam
721 607 916 689 lectionem,
950 629 1037 697 quae
1068 616 1121 676 est
1157 609 1363 690 „ridiculove

128 718 236 785 Geta“
265 719 430 806 praebere
454 716 537 781 mihi
554 715 690 805 quidem
706 716 843 783 videtur
866 717 971 784 codex
994 716 1249 806 antiquissimus
1276 713 1363 782 Tau·

128 823 284 905 rinensis,
312 848 409 914 quem
432 824 577 905 contuli,
602 825 815 891 venerandae
839 826 965 892 aetatis
990 827 1060 892 cod.
1085 825 1187 893 Vind.
1201 829 1264 894 307
1291 826 1360 892 alii.

126 931 225 996 Hanc
249 954 356 998 meam
379 932 567 1020 opinionem
584 933 802 1020 comprobant
826 939 867 998 et
884 931 1113 999 Aldhelmi
1137 934 1249 1014 verba,
1275 953 1361 1021 quae

128 1059 203 1104 cum
230 1040 273 1105 ad
309 1039 554 1128 quaestionem,
593 1062 692 1127 quam
727 1045 915 1106 tractamus
947 1041 1186 1108 absolvendam
1216 1039 1361 1105 multum

128 1148 276 1228 valeant,
302 1149 436 1235 integra
450 1147 603 1214 adscribo
629 1148 683 1233 (de
706 1171 743 1213 re
766 1171 906 1234 gramm.
932 1154 967 1214 et
989 1148 1130 1216 metrica
1154 1171 1208 1237 ap.
1221 1146 1264 1212 A.
1278 1145 1357 1213 Mai.

128 1260 217 1321 auct.
243 1253 284 1322 cl.
301 1252 342 1319 V.
361 1276 393 1340 p.
410 1255 477 1319 574
494 1252 577 1341 seq.)
606 1253 860 1339 ,grandisonus
885 1259 924 1318 ut
936 1260 1037 1341 poeta
1050 1252 1236 1340 (Sedulius)
1251 1252 1359 1318 Gran-

129 1360 254 1428 discnis
277 1383 436 1448 pompare
467 1361 573 1427 modis
604 1361 803 1450 tragicoque
834 1363 938 1428 boatu
969 1361 1155 1431 ridiculove
1187 1361 1356 1429 Geta...

129 1465 235 1547 Quem
281 1489 415 1532 versum
462 1466 610 1554 imperiti
655 1474 691 1533 et
734 1467 895 1533 metricae
941 1467 1027 1532 artis
1082 1468 1195 1554 ignari
1237 1471 1355 1535 obtun-

128 1597 230 1664 saque
254 1577 376 1643 mentis
401 1576 584 1646 acrimonia
607 1574 689 1642 freti
720 1575 806 1642 satis
837 1575 987 1662 turpiter
1015 1575 1290 1664 interpretantur
1314 1615 1358 1626 -

127 1688 253 1766 vegeta
268 1721 311 1729 —
328 1681 426 1770 quasi
450 1681 511 1746 sub
534 1702 603 1745 una
627 1679 791 1746 orationis
807 1681 1002 1746 adserentes
1026 1687 1125 1768 parte
1150 1689 1185 1748 et
1207 1682 1354 1770 pendeat

129 1812 248 1856 sensus
273 1791 315 1857 de
336 1791 491 1878 praelato
516 1791 648 1856 nomine
671 1791 821 1857 neutrali
843 1791 879 1856 id
904 1800 956 1858 est
979 1791 1150 1877 figmenta,
1177 1789 1265 1879 quod
1290 1811 1353 1856 nec

128 1902 309 1976 scandendi
332 1901 422 1968 ratio
446 1923 506 1967 nec
531 1900 744 1987 syllabarum
768 1900 889 1986 regula
905 1899 1090 1984 consentit;
1123 1891 1287 1987 siquidem
1310 1939 1354 1949 -

127 2031 235 2075 ve-
258 2005 447 2074 coniunctio
471 2012 524 2072 est
548 2005 772 2086 disiunctiva,
799 2005 889 2073 Geta
912 2027 994 2072 vcro
1019 2005 1207 2093 principale
1231 2009 1265 2070 et
1287 2006 1355 2092 pri·

127 2118 283 2184 mitivum
307 2121 377 2194 est,
413 2115 501 2181 unde
538 2115 719 2181 Terentius
754 2114 841 2179 Afer
876 2114 910 2180 in
942 2113 1143 2181 Phormione
1166 2113 1214 2180 sic
1238 2117 1289 2182 ait
1311 2151 1355 2166 —

129 2224 256 2289 amicus
279 2245 427 2288 summus
465 2243 558 2289 meus
595 2229 630 2290 et
667 2222 843 2310 popularis
877 2222 967 2289 Geta
1003 2221 1076 2288 heri
1108 2222 1151 2288 ad
1185 2222 1355 2290 mevenit

129 2333 173 2408 (v.
200 2331 277 2414 35).
325 2327 372 2393 Et
395 2327 486 2392 infra
502 2367 545 2377 —
563 2326 653 2394 Geta
675 2327 885 2413 provinciam
902 2326 1022 2414 cepisti
1039 2326 1158 2392 duram
1173 2367 1226 2393 -.
1263 2327 1355 2410 Quid

127 2438 405 2524 si-vegcta—
427 2437 583 2503 neutrale
606 2459 725 2502 nomen
749 2443 839 2502 esset
862 2436 1057 2503 accusativo
1080 2433 1223 2523 plurali,
1248 2433 1356 2500 heroi-

128 2565 187 2611 oae
222 2541 481 2609 versificationis
516 2541 637 2627 regula
666 2541 863 2619 vacillaret,
901 2540 980 2629 quia
1013 2561 1144 2628 semper
1174 2545 1296 2606 neutra
1319 2541 1355 2606 in

127 2651 255 2740 plurali
278 2651 466 2737 corripiunt
502 2671 522 2715 a
562 2650 598 2716 in
621 2649 827 2716 nominativo
860 2647 1053 2715 accusativo
1079 2655 1113 2714 et
1135 2647 1292 2714 vocativo
1316 2654 1355 2714 ut

130 2779 245 2841 „arma
269 2757 477 2845 virumque“.
524 2755 617 2841 Ergo
653 2777 720 2820 non
755 2760 808 2821 est
842 2794 885 2805 -
917 2759 1042 2841 vegeta
1071 2753 1355 2820 —accusativus

126 2863 282 2953 pluralis,
307 2864 366 2930 sed
389 2862 502 2930 Geta
525 2863 760 2929 ablativus
784 2861 1055 2949 singularis,
1082 2861 1139 2950 qui
1163 2883 1293 2948 semper
1315 2860 1352 2927 in

126 2971 236 3059 prima
261 2967 532 3036 declinationes
566 2967 754 3055 producit.“
805 2967 927 3054 Itaque
963 2972 1055 3033 recte
1090 2966 1261 3047 sentiunt,
1298 2967 1356 3055 qui

127 3079 237 3146 Getae
270 3102 390 3145 nomen
426 3101 446 3144 a
482 3076 651 3145 comoedia
676 3076 837 3142 'mutuari
873 3082 907 3142 ct
941 3076 1014 3142 loco
1049 3074 1109 3140 illo
1145 3073 1356 3159 tragoediam

127 3186 250 3273 opponi
275 3187 463 3254 comoediae
488 3186 667 3251 affirment.
716 3183 894 3250 Consentit
917 3190 951 3249 et
975 3183 1100 3270 glossa,
1126 3204 1211 3270 quae
1226 3180 1354 3266 legitur

126 3291 162 3356 in
187 3292 440 3379 quaestionibus
464 3291 696 3378 grammaticis
720 3290 791 3357 cod.
820 3289 1003 3356 Bernensis
1030 3290 1072 3356 83
1096 3289 1138 3354 ab
1161 3288 1355 3353 Hermanno

125 3397 268 3484 Hageno
293 3397 434 3481 (Anecd.
459 3396 559 3464 Helv.
583 3420 615 3484 p.
643 3399 715 3478 186,
743 3397 798 3484 26)
834 3395 952 3461 editis:
977 3393 1195 3476 '„ridiculus“
1233 3392 1356 3460 mobile

127 3509 180 3569 est
215 3509 249 3568 et
285 3502 488 3570 adiectivum
523 3508 563 3568 ut
580 3555 586 3569 .
606 3555 612 3569 .
630 3551 664 3568 ..
705 3499 904 3585 ,ridiculum
935 3506 1152 3587 responsum“
1194 3498 1356 3574 ,ridiculo

127 3609 237 3677 Geta“
265 3609 363 3699 quasi
392 3607 587 3676 ridiculo
612 3605 841 3690 scurra¹)“.
888 3605 940 3670 De
964 3605 1035 3671 loco
1068 3603 1128 3671 illo
1161 3602 1354 3688 Seduliano,

128 3719 290 3808 quomodo
315 3719 362 3785 sit
386 3741 485 3786 sensu
508 3714 743 3806 percipiendus
768 3718 804 3780 et
827 3713 973 3780 fortasse
1005 3711 1154 3780 edendus
1186 3713 1271 3780 satis
1303 3719 1355 3782 est
1427 3772 1429 3776 .

40 3875 46 3888 ,
127 3826 301 3914 uictuma).
347 3826 492 3911 Restat,
529 3831 570 3890 nt
599 3821 758 3911 proprius
782 3820 979 3887 accedamus
1005 3819 1048 3885 ad
1071 3817 1210 3885 Barthii
1234 3819 1273 3886 de
1298 3818 1353 3887 Se·

184 4000 190 4014 ‘
236 3987 256 4055 ¹)
274 3990 313 4041 De
331 3989 446 4042 ridiculo
467 3989 549 4040 Getae
568 4001 682 4056 persona
711 3984 782 4052 apud
801 3983 913 4063 Latinos
934 3981 1110 4035 conferendus
1130 3985 1171 4033 est
1190 3983 1269 4034 ctiam
1289 3983 1352 4035 Ovi-

130 4075 199 4141 dius,
219 4077 278 4130 Art.
297 4093 348 4130 am.
367 4079 409 4130 III
429 4074 536 4132 ddi-3
554 4077 590 4127 Μ.

365 4167 435 4218 Nota
454 4166 489 4216 sit
508 4174 532 4216 et
552 4163 670 4230 Sappho,
684 4201 712 4214 ..
734 4161 800 4227 quid
819 4161 888 4212 enim
908 4159 1030 4211 lascivius
1050 4159 1117 4209 illa?

365 4253 447 4304 Cuive
462 4261 541 4318 pater
560 4252 636 4321 cusri
654 4251 756 4302 luditur
775 4258 831 4300 orte
850 4249 938 4300 Getae.

236 4339 255 4406 ²)
274 4342 396 4394 Ablativi
415 4359 490 4395 usum
510 4344 671 4407 singularem
690 4343 827 4410 (pompare
846 4339 961 4392 ridiculo
981 4340 1059 4406 Geta)
1084 4337 1205 4390 excusari
1223 4338 1280 4388 loco
1299 4339 1353 4389 Ho-

125 4433 231 4484 ratiano
251 4431 346 4484 collato
366 4429 422 4482 Sat.
442 4431 464 4484 Ι.
487 4429 526 4493 10,
547 4429 583 4485 40
601 4446 622 4482 s.

339 4521 472 4586 Arguta
489 4518 651 4570 maratica
666 4526 740 4584 potes
758 4519 904 4583 Davoque
926 4517 1060 4568 Obrenaeta

338 4607 508 4659 Eludeate
527 4624 612 4659 senen
630 4607 734 4658 comis
752 4607 893 4672 garrire
913 4605 1121 4656 libellos...

125 4700 238 4766 benigne
256 4713 297 4752 mc
317 4699 407 4751 docuit
424 4696 551 4764 magister
570 4697 737 4750 doctissimus
755 4699 786 4750 Ε.
805 4699 987 4750 Hoffmannus.
