3272 5200
651 337 873 401 -57-

255 509 506 577 Chronicon
528 533 628 577 mon.
661 509 922 577 Casiuensis
954 513 1216 580 auctorePetro
1253 516 1379 600 (Perta.

158 621 182 683 t.
205 615 267 682 IX.
291 617 330 703 ps
349 617 426 700 746)
465 615 522 703 (ad
546 637 670 680 annum
696 619 792 683 1097.
818 616 887 684 dec.
914 621 967 705 1.).
1017 618 1112 698 ,Non
1135 618 1242 685 solum
1267 629 1380 686 autem

161 724 195 789 in
219 722 380 789 aedificiis
404 741 521 788 verum
546 722 644 788 etiam
667 724 703 789 in
726 724 823 792 libris
859 724 1084 794 describendis
1119 750 1254 815 operam
1286 729 1380 796 Desi-

161 831 274 898 derius
299 830 380 898 dare
402 831 643 918 permaximam
665 833 808 901 studuit.
855 833 993 902 Codices
1023 859 1166 926 namque
1201 838 1380 905 nonnullos

156 936 191 1002 in
226 937 288 1002 hoc
323 936 395 1002 loco
430 936 575 1003 describi
608 939 799 1025 praecepit,
837 946 977 1026 quorum
1012 941 1147 1008 nomina
1178 941 1260 1009 haec
1283 951 1379 1010 sunt:

156 1041 390 1129 Augustinnm
428 1047 547 1109 contra
585 1041 761 1110 Faustum.
824 1044 876 1110 De
921 1067 1021 1133 opere
1066 1048 1326 1114 monachorum.
1346 1100 1380 1116 ..

153 1151 311 1218 Hilarius
334 1149 576 1238 mysteriorum
599 1157 634 1216 et
657 1173 843 1238 ymnorum.
880 1151 1105 1218 Sedulium
1131 1153 1177 1221 de
1202 1178 1382 1243 evange-

152 1260 241 1325 liis.
304 1259 488 1325 Iuvencum
526 1259 567 1324 de
604 1258 820 1346 Evangeliis3
840 1266 946 1330 .,..“
997 1261 1047 1330 cf.
1087 1269 1122 1329 et
1151 1263 1241 1331 Mon.
1282 1265 1381 1333 VIII.

152 1393 184 1457 p.
213 1372 278 1436 746
302 1390 369 1456 seq.

259 1472 445 1539 Thomas
470 1470 665 1553 Cistere,
691 1471 815 1539 Corum.
839 1474 873 1540 in
898 1485 986 1542 cant.
1013 1482 1101 1544 cant.
1126 1477 1245 1565 (Mign.
1270 1484 1295 1544 t.
1318 1482 1382 1546 ‘206

151 1607 182 1672 p.
212 1582 301 1666 392).
354 1579 542 1663 „Quartum
576 1580 751 1647 lavacrum
775 1582 900 1648 dicitur
923 1582 998 1648 fons
1033 1583 1225 1667 hortorum,
1259 1591 1382 1673 puteus

152 1714 322 1780 aquarum
345 1689 550 1773 viventium,
588 1712 672 1778 quae
706 1690 817 1756 fluunt
848 1691 976 1779 impetu
1008 1690 1048 1757 de
1071 1691 1212 1760 Libano.
1259 1691 1303 1758 Et
1328 1691 1383 1759 Se-

153 1801 283 1867 dulius:

749 1911 845 1997 fonte
867 1934 1003 1997 superno

261 2018 452 2103 Laetificate
475 2041 559 2104 sepes
582 2019 685 2103 spinc's
708 2019 879 2082 mundatur
901 2018 1033 2083 oderatis
1057 2018 1088 2105 (I
1111 2021 1153 2084 56
1178 2021 1270 2107 seq.).

260 2121 537 2190 Testimonia
566 2120 735 2207 Sigeberti
759 2120 1020 2204 Gemblaeensis,
1044 2122 1189 2189 Honorii
1211 2123 1383 2210 Augusto·

157 2231 332 2312 dunensis,
358 2229 518 2316 anonymi
540 2228 762 2310 Mellicensis,
800 2228 979 2295 Trithemii
1006 2230 1073 2296 iam
1097 2254 1201 2320 supra
1224 2254 1384 2298 momora-

155 2341 277 2431 uimus.
326 2337 426 2404 Addo
451 2336 613 2403 nonnulla
637 2359 654 2402 e
677 2336 843 2403 chronicis
867 2343 1017 2407 exarata.

267 2446 405 2514 Gesta
430 2447 635 2513 abbatum
658 2444 792 2510 Horti
813 2443 847 2513 S.
871 2444 1037 2512 Mariae
1061 2446 1310 2534 (raso—1259)
1332 2445 1383 2513 Cf.

159 2555 290 2624 Pertzii
313 2555 400 2621 lllcn.
419 2553 550 2622 XXIII.
567 2577 598 2640 p.
617 2557 682 2620 583
706 2553 760 2638 (de
783 2553 946 2640 magistro
971 2553 1181 2640 Fretherico)
1209 2555 1385 2638 „Auctori-

159 2670 249 2728 stam
273 2661 339 2749 ipsi
364 2661 422 2746 (sc.
447 2657 658 2746 Fretherico)
682 2657 824 2724 similem
859 2657 979 2725 Fresis
1013 2660 1072 2726 vix
1105 2659 1270 2745 habebat,
1305 2661 1385 2726 Per·

156 2768 262 2848 sium,
287 2765 493 2847 Iuvenalem,
517 2763 738 2851 Virgilianos,
763 2763 955 2846 cretiana,
974 2763 1167 2850 Ouidianos,
1189 2788 1270 2853 quos
1287 2765 1385 2833 habe·

158 2876 220 2941 bat
243 2896 304 2961 pro
328 2871 436 2939 multa
459 2877 558 2960 parte
581 2871 680 2937 corde
714 2875 830 2952 tenus,
866 2876 901 2936 et
935 2870 1064 2937 sciebat
1098 2875 1132 2937 et
1162 2870 1314 2957 legebat,
1350 2871 1386 2936 in

158 2985 282 3073 quibus
305 2981 457 3068 legendis
482 2986 517 3047 et
540 2977 730 3066 relegendis
762 2978 894 3044 iuvenis
918 2978 1076 3061 existens,
1113 2984 1153 3045 ut
1187 2978 1385 3068 quandoque

154 3093 277 3182 ipsum
300 3089 416 3156 audivi
440 3089 614 3170 dicentem,
639 3086 936 3178 quamplurimum
953 3088 1197 3157 iocundahatur
1221 3094 1256 3154 et
1280 3087 1385 3154 delec-

153 3201 307 3288 tabatur.
355 3195 461 3264 Etate
484 3215 565 3262 vero
589 3196 807 3276 succedente,
831 3200 872 3260 nt
894 3217 955 3283 pro
979 3201 1078 3282 parte
1102 3194 1261 3282 cognovi,
1294 3201 1385 3260 certe

155 3330 226 3374 non
249 3306 307 3375 sic.
355 3305 443 3371 Nam
466 3303 564 3370 libris
587 3303 664 3369 istis
687 3301 866 3390 gentilium
890 3303 1062 3393 sepositis,
1094 3302 1250 3370 inlibris
1274 3304 1386 3372 catho-

154 3413 232 3480 licis
249 3410 411 3478 videlicet
427 3409 558 3491 Boeci0,
582 3408 769 3475 Prudencic
786 3410 924 3475 Aurora
948 3408 1051 3496 (sici),
1075 3407 1234 3490 Aratore‚
1261 3408 1385 3476 Sedu·

149 3517 235 3600 lic,
262 3516 401 3583 Florida
426 3520 582 3603 aspectu,
620 3513 681 3580 Iob
711 3520 746 3581 et
770 3513 898 3581 Thcbie
921 3514 1018 3582 libris
1053 3536 1092 3580 ac
1127 3515 1266 3596 ceteris,
1303 3537 1385 3603 quos

153 3627 297 3712 longum
321 3634 373 3690 est
398 3643 575 3706 enarrare,
608 3643 784 3688 suorum
807 3619 1044 3688 scolarium
1066 3620 1246 3707 ingenia
1270 3642 1386 3688 exer·

152 3734 311 3800 cebat.“

260 3835 513 3905 Chroniccn
543 3834 778 3901 Menkonis
809 3837 854 3920 (a.
881 3835 1115 3919 1234-1273)
1146 3832 1273 3900 Pertzii
1296 3832 1384 3898 Mon.

152 3947 289 4014 XXIII.
314 3967 346 4033 p.
372 3947 447 4011 524.
477 3943 717 4026 ,Reverendus
741 3941 906 4032 siquidem
929 3947 1029 4031 pater
1052 3947 1112 4028 (sc.
1128 3941 1259 4024 Emmo)
1283 3940 1387 4030 apri·

167 4053 231 4120 mis
256 4051 421 4118 infantiae
444 4049 645 4116 rudimentis
680 4048 805 4115 studiis
839 4047 1048 4116 litteralibus
1082 4048 1267 4137 implicitus
1302 4048 1385 4114 adeo

159 4163 252 4229 inter
277 4160 427 4228 scolares
451 4158 525 4225 alas
549 4158 617 4224 fuit
639 4158 674 4225 in
698 4157 877 4246 scripturis
901 4157 1089 4240 studiosus,
1125 4163 1165 4224 ut
1200 4156 1277 4223 aliis
1312 4177 1386 4222 eon·

71 4335 74 4341 .
155 4267 350 4336 scolaribus
373 4263 569 4332 ludentibus
594 4270 628 4330 et
651 4262 918 4330 discurrentibus
940 4285 1111 4352 nunqnam
1142 4262 1271 4330 ociosus
1294 4261 1385 4327 inve·

164 4374 305 4453 niretur,
331 4370 397 4436 nisi
421 4377 483 4436 aut
507 4369 661 4436 studeret
685 4369 739 4436 vel
763 4369 926 4438 scriberet
949 4371 1005 4438 vel
1028 4370 1247 4437 illuminaret.
1287 4367 1385 4434 Unde
1440 4367 1442 4370 ’

162 4478 314 4566 contigit,
339 4484 379 4543 ut
402 4497 514 4542 omnes
539 4484 703 4556 auctores,
729 4475 888 4548 videlicet
911 4477 1055 4559 ethicos,
1089 4475 1284 4555 Ovidianos
1309 4471 1386 4538 Vir·

156 4585 311 4673 gilianos,
348 4581 504 4649 satiricos
541 4584 576 4645 et
611 4579 680 4644 alia
716 4602 819 4669 opera
852 4586 1030 4668 poetarum
1061 4590 1095 4649 et
1118 4581 1259 4648 metrica
1283 4599 1386 4666 opera
