3196 5196
643 317 868 382 ...51-

141 518 237 576 unus,
263 494 467 561 Liberati
483 495 569 562 iiber
584 495 713 562 Labbei
730 503 764 562 et
781 495 868 562 alius
887 497 1028 565 Usserii.
1054 495 1134 564 Ood.
1151 497 1230 566 Par.
1250 503 1291 563 13
1309 500 1372 563 317

141 605 203 670 sub
229 603 344 668 eodem
369 601 472 668 titulo
500 625 638 682 „versus
662 602 844 668 Bellesarii
876 603 1068 670 scolastici“
1104 606 1199 670 ambo
1224 603 1375 668 carmina

143 709 292 783 exhibet,
317 709 399 774 item
420 709 490 776 cod.
508 710 586 778 Par.
606 713 703 790 9341,
728 710 870 776 titulum
887 733 949 778 orn.
967 711 1039 777 cod.
1056 711 1135 776 Par.
1157 714 1196 776 14
1218 713 1289 790 143,
1316 711 1376 776 sed

142 817 294 884 earmina
311 814 414 880 etiam
430 814 609 880 coniuncta
628 837 700 880 esse
716 815 885 882 videntur.
903 813 1005 882 Codd.
1024 815 1129 882 Mare.
1148 821 1183 881 et
1197 814 1373 884 1711111301

141 921 277 988 nonnisi
305 941 456 994 carmen,
503 921 591 1008 quod
623 919 748 986 dicitur
779 919 926 1001 Liberii,
960 921 1124 1007 praebent
1154 921 1374 1010 inscriptione

144 1027 281 1094 omissa.
328 1026 358 1092 E
392 1025 504 1092 codice
536 1026 621 1113 Reg.
646 1027 733 1093 Mus.
771 1028 849 1094 brit.
886 1031 926 1094 15
961 1028 1000 1097 B.
1027 1029 1115 1097 XIX.
1141 1054 1166 1095 s.
1191 1030 1244 1098 IX
1268 1053 1375 1118 nuper

144 1131 443 1218 Zangcmeisterus
468 1132 503 1212 (1.
522 1133 563 1219 o.)
596 1131 659 1198 has
682 1132 918 1221 inscriptiones
948 1134 1108 1221 prodidit,
1133 1133 1191 1201 fol.
1218 1139 1279 1202 34v
1302 1139 1374 1216 „iu-

143 1246 267 1328 cipiunt
290 1265 395 1305 cereus
410 1243 610 1307 ,1111111111
631 1245 813 1308 scholastici
822 1243 861 1307 de
877 1242 1014 1308 Sedulio.
1039 1243 1187 1308 Sedulius
1199 1245 1375 1309 deretini-

143 1353 770 1454 111111111110110111111101118111111111εῶρῖ
789 1407 834 1416 -
858 1370 964 1432 escis.“
1005 1365 1138 1431 Haereo
1161 1367 1194 1430 in
1213 1389 1260 1448 eo,
1287 1369 1375 1457 quod

144 1474 296 1541 codicum
321 1471 478 1537 nonnulii
502 1472 669 1552 carmina,
705 1493 790 1561 quae
822 1473 1018 1540 acrostichis
1051 1471 1215 1561 simulque
1246 1475 1374 1542 telesti-

147 1585 221 1650 chis
238 1585 423 1648 decurrunt
438 1581 602 1663 versibus,
621 1588 660 1648 ut
677 1605 717 1648 ex
732 1582 951 1670 inscriptione
969 1581 1153 1668 colligitur,
1171 1581 1231 1647 uni
1248 1582 1374 1648 eodem·

145 1713 210 1780 que
224 1693 356 1757 auctori
368 1691 558 1758 Beliesario
571 1692 626 1757 vel
645 1691 812 1758 Belisario
829 1691 1000 1776 tribuunt,
1026 1692 1095 1774 cod.
1115 1690 1217 1756 etiam
1229 1689 1314 1777 Reg.
1334 1693 1375 1758 15

140 1798 180 1862 B.
217 1795 313 1861 XIX.
352 1797 468 1862 eadem
499 1797 649 1862 carmina
673 1795 807 1863 Liberio
840 1797 1020 1877 adscribit,
1052 1801 1092 1861 ut
1127 1795 1214 1860 illud
1253 1797 1372 1878 ‚,item“

142 1904 295 1970 indicere
320 1883 468 1971 videtur.
511 1904 606 1985 Quae
630 1928 705 1970 eum
728 1905 779 1970 ita
804 1906 882 1986 sint,
907 1904 1008 1970 valde
1032 1905 1114 1970 mihi
1138 1903 1268 1969 arridet
1291 1905 1375 1970 Are·

142 2009 216 2074 vali
238 2015 459 2076 commentum
483 2010 604 2097 (praef.
622 2035 655 2098 p.
673 2015 744 2096 93):
771 2011 916 2077 fortasse
940 2011 980 2077 de
1000 2034 1067 2076 uno
1083 2017 1184 2097 poeta
1201 2031 1272 2075 csse
1290 2009 1376 2095 cogi-

144 2118 304 2196 tandum,
331 2117 385 2182 cui
415 2117 549 2182 nomina
571 2115 613 2183 D.
640 2115 868 2203 (quodetiam
897 2115 994 2206 001111.
1017 2115 1175 2182 exhibent
1203 2113 1374 2180 ct'Arev.

146 2225 256 2314 praef.
274 2247 305 2311 p.
327 2227 382 2306 92)
406 2224 565 2290 Liberius
583 2225 625 2309 (1)
650 2223 859 2290 Bellesarius
876 2223 1094 2311 (Belisarius)
1112 2223 1241 2288 fuerint
1257 2265 1300 2277 -
1316 2221 1376 2289 sed

147 2335 260 2400 adhuc
293 2331 355 2398 sub
388 2329 497 2395 iudice
530 2328 574 2402 lis
604 2341 667 2394 est.
703 2328 751 2394 Ut
774 2334 889 2395 tamen
912 2329 1057 2409 firmem,
1099 2350 1183 2417 quae
1208 2351 1311 2415 supra
1336 2328 1376 2394 de

143 2441 304 2506 laudibus
337 2436 467 2503 Sedulii
499 2437 647 2502 breviter
678 2436 762 2517 dixi,
805 2437 872 2501 iam
904 2443 1057 2502 veterum
1088 2443 1123 2502 et
1153 2435 1376 2501 recentiorum

144 2569 324 2633 congeram
347 2547 543 2612 testimonia
567 2552 602 2611 et
624 2545 750 2610 iudicia
775 2544 891 2626 multa,
917 2569 982 2611 non
1007 2546 1126 2614 omnia.

179 2759 244 2842 lli.
275 2759 326 2839 lte
356 2756 514 2840 00111110
543 2759 724 2846 veterum
753 2759 793 2840 et
820 2759 1083 2840 recentiorum
1110 2758 1348 2840 testimonia.

254 2918 387 2985 Asterii
403 2917 441 2982 in
458 2916 588 2983 Sedulii
604 2939 707 3005 opera
724 2917 940 3006 epigramma,
959 2917 1129 2984 decretum
1143 2917 1372 3002 Gelasianum,

144 3028 350 3116 scriptorum
394 3025 445 3091 rei
480 3025 729 3092 ecclesiasticae
763 3025 956 3092 litterariae
988 3025 1182 3091 testimonia
1213 3029 1376 3095 nonnulla

144 3134 213 3199 iam
230 3153 333 3220 supra
347 3119 616 3200 memoravimus.
641 3133 780 3200 Laudat
793 3133 967 3201 Sedulium
983 3134 1066 3201 locis
1079 3135 1189 3202 tribus
1207 3135 1312 3203 Cass
1324 3137 1376 3204 io·

145 3240 299 3306 dorius
332 3239 533 3323 Senator,
572 3240 613 3308 cf.
639 3241 679 3306 de
704 3241 782 3308 inst.
810 3241 877 3309 div.
902 3242 971 3310 litt.
997 3265 1022 3308 e.
1049 3244 1101 3308 21.
1136 3241 1252 3328 (Mign.
1275 3250 1299 3308 t.
1323 3245 1373 3312 10.
1413 3289 1415 3296 ·

146 3351 308 3436 1111112).
348 3347 461 3435 „Opus
482 3348 625 3437 quidem,
650 3355 690 3415 ut
706 3351 865 3428 arbitror,
890 3350 1125 3430 necessarium,
1151 3351 1210 3416 sed
1225 3351 1375 3417 conside·
1403 3405 1405 3410 ,

145 3465 224 3522 rata
258 3455 463 3523 difficultate
496 3457 719 3544 perarduum,
752 3458 787 3523 in
818 3458 949 3524 duobus
973 3458 1070 3525 libris
1095 3457 1375 3546 comprehendere

146 3565 235 3632 velle
253 3565 442 3632 divinarum
466 3571 499 3632 et
516 3565 739 3629 humanarum
763 3565 873 3630 fontes
899 3564 1144 3652 copiosissimos
1169 3563 1374 3631 litterarum.

147 3673 215 3740 Ubi
239 3671 369 3740 Sedulii
392 3695 513 3738 versus
536 3672 591 3738 illi
615 3672 746 3740 dicendi
770 3680 868 3740 sunt:

260 3797 410 3861 Grandia
430 3822 528 3884 posco
553 3798 698 3884 quidem:
729 3798 785 3862 sed
808 3811 840 3861 111
864 3797 943 3861 dare
965 3796 1107 3884 prandio
1129 3795 1220 3875 nosti,

259 3904 355 3981 Quem
378 3905 482 3992 caepis
505 3907 646 3992 offendit,
672 3907 814 3991 quisquis
836 3905 995 3991 sperando
1018 3904 1152 3991 tepescit.
1176 3900 1208 3989 (I
1224 3903 1289 3966 349
1314 3902 1354 3978 a.)

151 4026 275 4114 Expos.
309 4026 344 4091 in
367 4026 586 4109 Psalterium,
619 4051 669 4116 ps.
694 4030 747 4095 36.
772 4025 939 4094 conclusio
964 4023 1082 4113 (Mign.
1107 4032 1133 4093 t.
1160 4027 1210 4092 70.
1235 4048 1267 4111 p.
1297 4025 1377 4108 214)

153 4133 341 4218 „Rogemus
365 4154 445 4219 ergo
477 4132 739 4221 inseparabilem
767 4132 988 4215 Trinitatem,
1025 4139 1064 4198 ut
1095 4132 1178 4198 haec
1208 4131 1315 4196 vestis
1340 4134 1375 4195 et

151 4262 211 4306 nos
235 4245 397 4326 protegat
421 4247 524 4328 atque
559 4241 653 4307 intra
681 4223 774 4308 sinus
802 4243 957 4329 gratuita
986 4243 1154 4330 dignitate
1182 4239 1372 4306 concludat.

151 4347 227 4430 Quo
253 4349 326 4416 loco
350 4349 482 4416 Sedulii
505 4352 610 4417 verba
633 4351 822 4418 mutuanda
846 4356 942 4418 sunt:

292 4457 1258 4547 01111111101101009111111111εά111111111191011111111101112(ί

149 4569 308 4660 Expos
299 4592 335 4634 m
358 4567 465 4634 Psalt.
483 4591 534 4657 ps
554 4571 690 4650 11312
693 4560 885 4652 .(Mign..t
904 4568 956 4631 10.
973 4588 1005 4652 p
1023 4565 1111 4645 814).

1229 4685 1269 4741 4*
