3196 5196
638 333 861 430 -15-

135 529 364 614 denotaturus
400 550 493 624 erat,
535 542 696 630 quomodo
731 541 841 608 locum
863 538 1150 627 interpretemur?
1191 539 1361 620 tisserius,

132 652 259 720 inscius
291 650 350 716 ille
383 648 491 716 Getae
527 647 652 727 comici,
689 646 725 711 in
753 643 975 711 similitudine
1005 642 1182 747 acquievit
1209 643 1362 724 nominis,

134 757 686 849 0110111100111101600011001101.Ι
719 752 877 820 Ceterum
902 774 1019 819 censeo
1044 751 1237 831 Asserium,
1271 749 1300 816 si
1325 750 1365 816 de

79 935 87 946 ,
138 865 274 933 Sedulio
308 871 526 932 conterraneo
561 865 764 951 cogitasset,
797 867 848 947 (ut
871 861 1035 928 Barthius
1060 860 1148 948 vult)
1189 859 1364 943 „Sedulius

135 979 307 1042 noster“
336 974 506 1041 dicturum
528 973 633 1039 fuisse
665 972 721 1057 (of.
747 993 867 1059 supra,
900 995 932 1058 p.
959 972 1009 1052 12,
1042 967 1182 1035 Dicuilii
1213 966 1366 1033 monachi

135 1083 264 1168 verba).
322 1082 388 1148 Sed
424 1082 516 1149 cavit
550 1082 636 1146 hano
677 1081 874 1162 dictionem,
918 1102 960 1145 ne
995 1076 1170 1144 Sedulium
1207 1062 1366 1142 carminis

136 1186 307 1275 paschalis
342 1193 512 1254 auctorem
545 1209 619 1252 cum
661 1184 798 1251 Sedulio
838 1184 938 1252 Scoto
975 1207 1040 1250 non
1075 1182 1217 1248 multum
1253 1190 1367 1251 aetate

137 1292 359 1360 antecedente
372 1292 602 1358 confunderet.
629 1290 724 1372 Quae
749 1313 823 1356 cum
847 1291 898 1356 ita
922 1290 1009 1370 sint,
1035 1288 1178 1355 Bartbio
1203 1312 1268 1356 non
1292 1312 1366 1356 con-

136 1400 286 1466 cedimus
324 1422 365 1465 ex
399 1421 512 1464 rerum
536 1399 760 1486 Anglicarum
791 1398 1013 1486 scriptoribus
1044 1397 1196 1485 inprimis
1226 1396 1366 1463 Asserio

134 1506 253 1591 colligi
275 1526 373 1593 posse
406 1503 579 1571 Sedulium
610 1511 764 1569 nostrum
794 1509 907 1569 vatem
932 1501 1070 1568 Scotum
1101 1502 1216 1571 fuisse.

247 1610 342 1692 Quae
379 1611 516 1677 tandem
564 1617 616 1677 est
655 1609 785 1676 Sedulii
830 1611 968 1698 patria?
1025 1609 1226 1697 Hispaniam
1264 1611 1368 1680 fuisse

140 1719 289 1806 patriam
314 1719 492 1785 chronicon
515 1717 786 1784 Pseudo-Dextri
817 1717 860 1783 ad
885 1740 915 1784 a.
940 1720 1006 1784 428
1042 1717 1150 1784 tradit
1184 1717 1368 1800 „Faetadio

137 1827 296 1894 Pontifici
343 1824 506 1890 Toletano
555 1823 704 1889 succedit
750 1822 871 1889 isicius
913 1821 1094 1888 monachus
1141 1822 1368 1905 Palaestinus,

135 1935 196 2024 qui
230 1933 405 2001 Sedulium
446 1933 588 1999 amicum
620 1955 717 1997 suum
752 1939 786 1998 et
822 1931 1007 1997 Oretanum
1043 1931 1233 2019 episcopum
1275 1951 1370 2017 prae.

138 2041 319 2109 dicationis
363 2040 478 2127 gratia
525 2037 638 2106 Toleti
684 2041 830 2123 detinet,
878 2039 935 2128 qui
981 2040 1065 2106 dono
1113 2039 1166 2104 dei
1204 2038 1240 2104 in
1277 2039 1371 2127 poesi

139 2150 358 2236 oratoriaque
390 2146 586 2235 praeclarus
621 2147 745 2212 multos
783 2147 888 2213 libros
920 2146 1123 2233 componit“.·
1166 2146 1264 2214 Hanc
1296 2171 1372 2214 nar-

140 2255 309 2320 rationem
332 2252 422 2319 falsa
445 2249 617 2318 continere
648 2253 714 2318 iam
745 2251 818 2318 Nic.
852 2252 1024 2318 Antonius
1049 2251 1163 2320 docuit
1187 2253 1278 2341 (bibl.
1303 2260 1370 2322 vet.

27 2433 30 2438 ,
139 2361 236 2451 Hisp.
274 2359 298 2428 1.
337 2359 403 2428 ΙΙΙ.
442 2364 487 2442 5).
552 2359 737 2442 „Proclivis
785 2383 876 2441 sum,
924 2366 962 2427 ut
1009 2359 1143 2426 credam
1191 2359 1373 2447 episcopali

139 2490 277 2534 munere
310 2469 346 2534 in
376 2470 543 2558 Hispania
576 2470 723 2551 tributo,
755 2471 927 2558 Hispanos
959 2492 1090 2559 quoque
1120 2470 1254 2537 natales
1296 2471 1370 2537 sub-

139 2578 290 2646 indicare
331 2580 479 2645 voluisse
527 2587 707 2646 auctorem.
771 2578 837 2646 Sed
883 2585 954 2646 tam
1000 2578 1125 2644 falsum
1168 2583 1220 2644 est
1258 2581 1370 2643 ortum

137 2685 230 2771 apud
261 2708 321 2751 nos
345 2685 535 2768 Sedulium,
574 2711 675 2776 quam
711 2687 900 2775 episcopum
925 2685 1048 2752 alicubi
1078 2685 1213 2752 fuisse.“
1252 2683 1369 2772 Neque

140 2789 325 2856 verisimile
376 2798 444 2874 est,
496 2792 671 2880 Hispanus
723 2792 752 2857 si
801 2790 960 2858 Sedulius
1005 2790 1158 2876 fuissets
1190 2789 1369 2879 ildephon-

136 2919 213 2961 sum
248 2896 283 2961 in
317 2895 432 2963 libello
472 2897 532 2981 „de
563 2897 650 2965 viris
685 2897 898 2966 illustribus“
941 2918 1016 2963 eum
1050 2899 1368 2984 praetermissurum

136 3004 254 3071 fuisse.
304 3005 425 3092 Itaque
456 2991 606 3071 'aliorum
638 3006 679 3072 de
703 3005 833 3073 Sedulii
855 3007 969 3094 patria
993 3005 1204 3094 opinionibus
1234 3007 1369 3074 reiectis

142 3111 354 3202 inquiramus
378 3113 553 3200 possintne
585 3113 731 3181 certiora
763 3121 795 3180 et
819 3115 1049 3202 probabiliora
1080 3113 1226 3201 proferri
1256 3134 1368 3179 necne.

142 3215 294 3283 Exstant
320 3241 400 3284 sane
424 3240 533 3306 pauca
549 3225 702 3285 veterum
726 3220 939 3302 testimonia,
965 3244 1051 3311 quae
1073 3222 1252 3289 materiam
1276 3244 1371 3309 prae-

141 3327 246 3392 beant
271 3324 401 3391 Scdulii
425 3328 572 3415 patriam
595 3319 834 3415 investigandi.
881 3330 1011 3395 Horum
1035 3339 1114 3397 sunt
1139 3330 1203 3396 duo
1227 3352 1368 3415 genera:

141 3454 264 3512 unum,
309 3431 397 3520 quod
437 3433 631 3500 testimonia
674 3455 715 3500 ex
751 3435 921 3523 operibus,
947 3436 1156 3523 quorundam
1195 3442 1370 3502 auctorum

145 3542 305 3621 exarata,
339 3538 501 3618 alterum,
529 3540 617 3626 quod
639 3539 772 3626 glossas
805 3540 955 3607 codicum
986 3541 1030 3606 ad
1061 3542 1169 3608 vitam
1199 3548 1232 3608 et
1255 3543 1371 3628 poesin

141 3642 275 3710 Sedulii
300 3647 509 3734 pertinentes
534 3648 693 3714 continet.
735 3648 895 3715 Editores
918 3649 990 3716 fere
1015 3672 1136 3730 omnes,
1162 3649 1220 3738 qui
1240 3648 1371 3716 Sedulii

141 3751 275 3818 codices
301 3753 488 3836 contulere,
522 3754 715 3821 dotalibus
750 3754 954 3836 testimoniis
986 3756 1156 3838 referunt,
1194 3760 1252 3825 sed
1276 3783 1370 3826 nemo

141 3859 185 3925 iis
229 3861 468 3927 auctoritatem
506 3862 675 3928 attribuit.
730 3863 896 3952 Equidem
931 3886 1038 3951 nuper
1072 3865 1107 3929 in
1144 3889 1218 3933 ann.
1256 3891 1368 3955 gymn.

141 3965 316 4032 Austriac.
340 3970 433 4046 1876,
459 3990 491 4054 p.
510 3971 576 4035 500
593 3990 659 4055 seq.
683 3969 822 4034 uberius
846 3968 966 4034 harum
989 3969 1180 4056 glossarum
1204 3977 1370 4063 specimen

143 4094 161 4136 e
185 4073 255 4139 cod.
273 4073 371 4140 Vind.
392 4078 435 4140 85
461 4075 552 4141 edidi
575 4077 687 4164 ibique
712 4071 898 4144 ostendisse
920 4078 1002 4144 mihi
1023 4072 1140 4146 videor
1167 4086 1369 4151 testimoniis

143 4179 185 4244 iis
208 4181 308 4246 fidem
333 4205 405 4248 esse
430 4184 619 4251 habendam
643 4208 747 4274 eaque
772 4210 845 4253 csse
869 4188 989 4274 digna,
1027 4213 1112 4277 quae
1143 4193 1370 4278 respiciantur

144 4290 178 4350 et
201 4285 237 4350 in
254 4291 481 4374 quaestionem
499 4287 671 4360 vocenturss
709 4295 838 4360 Eadem
853 4296 924 4361 fere
942 4297 1077 4385 quaein
1094 4299 1163 4365 cod.
1181 4297 1297 4366 Vind.
1316 4305 1368 4383 85,

140 4393 245 4459 etiam
262 4396 297 4461 in
314 4397 399 4466 cod.
414 4401 540 4468 Laur.
554 4407 603 4468 15.
623 4403 730 4490 plut.
742 4405 865 4471 XXIII
877 4406 1047 4491 leguntur.
1067 4406 1166 4472 Talia
1179 4407 1370 4492 fragmenta

141 4500 371 4589 investigans,
412 4503 565 4571 Venetiis
589 4529 663 4572 cum
687 4511 868 4592 versabar,
907 4511 942 4574 in
965 4510 1168 4578 bibliotheca
1194 4512 1369 4580 Marciana

140 4605 231 4673 forte
267 4608 355 4697 (nam
381 4607 619 4677 Valentincllii
650 4614 826 4701 catalogus
858 4615 939 4681 mihi
963 4620 1075 4681 certus
1100 4615 1168 4681 dux
1192 4639 1258 4683 non
1282 4621 1369 4708 erat)
