3196 5196
779 350 978 414 ..6-

265 545 385 592 norum
409 527 612 614 optimorum
636 533 757 616 postea
782 526 828 592 sit
850 525 981 592 relatus
994 528 1026 610 ¹).
1063 525 1161 591 Hanc
1184 525 1385 594 imitationis
1401 529 1495 595 viam

264 633 412 723 ingressi
447 643 481 704 et
516 637 550 704 in
583 637 661 704 aliis
694 659 833 725 poeseos
863 637 1042 723 generibus
1074 642 1194 724 poetae
1219 637 1496 704 christianicum

265 743 450 826 gentilibus
476 746 678 812 contendere
695 745 770 812 ausi
787 749 877 810 sunt.
913 744 1070 810 Maximis
1093 751 1207 811 autem
1230 745 1497 812 difficultatibus

266 850 529 917 obstruebantur
552 851 614 933 illi,
643 851 701 940 qui
724 851 759 916 in
786 851 879 939 epico
903 873 1025 938 genere
1042 875 1115 916 eum
1132 851 1280 938 Virgilio
1297 852 1332 918 in
1356 875 1494 918 arenam

268 958 461 1026 descensuri
486 966 594 1028 erant.
642 960 742 1028 Illius
767 959 955 1026 auctoritas
988 967 1062 1026 erat
1093 966 1164 1025 turn
1189 960 1336 1026 maxima
1360 965 1395 1026 et
1418 959 1497 1026 Vir·

265 1065 414 1151 gilianae
430 1088 567 1152 poeseos
583 1065 702 1133 laudes
726 1066 761 1130 in
786 1063 931 1131 omnium
949 1086 1005 1130 ore
1021 1067 1259 1132 versabantur,
1291 1067 1396 1134 Recte
1413 1090 1497 1154 ergo

267 1172 467 1258 cogitabant
492 1180 527 1241 et
550 1175 721 1242 faciebant
744 1175 815 1255 illi,
842 1174 917 1264 qui,
943 1197 1018 1241 cum
1041 1174 1202 1242 historias
1227 1198 1342 1242 sacras
1365 1178 1496 1243 veteris

266 1284 302 1343 et
325 1278 405 1343 novi
429 1281 627 1347 testamenti
643 1281 798 1348 versibus
817 1279 1022 1368 descripturi
1040 1285 1161 1361 essent,
1186 1279 1327 1368 Virgilii
1345 1283 1499 1370 vestigia

265 1393 472 1475 presserunt.
522 1385 672 1467 Quaevis
705 1386 850 1452 materia
886 1384 1088 1471 Virgilianis
1124 1387 1279 1452 versibus
1319 1387 1494 1478 descripta

265 1517 332 1561 non
367 1496 609 1584 spernebatur,
653 1495 752 1560 immo
800 1494 987 1561 fovebatur.
1048 1493 1116 1575 Qui
1149 1495 1280 1582 primus
1313 1497 1492 1561 materiam

269 1600 520 1687 evangeliorum
545 1601 688 1667 heroicis
723 1601 878 1667 versibus
909 1600 1104 1688 descripsit,
1139 1604 1191 1665 est
1223 1602 1404 1687 presbyter
1434 1602 1495 1669 ille
1588 1685 1589 1694 ἵ

264 1707 436 1789 Hispanus
461 1707 587 1775 Caius
611 1709 798 1776 Vettius
821 1707 1067 1796 Aquilinus
1086 1709 1324 1774 duvencus.
1351 1705 1496 1772 Carmen
1588 1699 1589 1712 ³

266 1813 338 1880 eius
370 1815 568 1885 inscribitur
615 1817 778 1900 „historia
809 1817 1037 1904 evangelica“.
1085 1816 1125 1880 ln
1159 1815 1299 1903 prologo
1330 1814 1496 1881 historiae

267 1923 485 2010 evangelicae
520 1927 705 2013 praemisso
745 1925 881 2014 exponit
917 1948 1056 2006 causas,
1100 1946 1160 1991 cur
1195 1923 1327 1989 omnino
1361 1944 1497 1988 carmen

265 2029 442 2120 scripserit
465 2038 499 2099 et
522 2034 644 2123 quibus
668 2035 813 2101 confisus
838 2057 872 2102 se
897 2040 1067 2100 aeternam
1088 2032 1144 2099 vel
1168 2031 1328 2098 maiorem
1348 2031 1495 2096 Homero

266 2140 479 2231 Virgilioque
495 2144 639 2230 gloriam
657 2168 692 2211 se
709 2151 967 2212 consecuturum
984 2166 1056 2210 esse
1072 2148 1195 2230 speret.
1233 2141 1299 2208 Sed
1318 2140 1496 2207 audiamus

266 2268 342 2314 eum
365 2249 484 2336 ipsum,
510 2275 584 2318 cum
607 2252 785 2340 praeclara
808 2253 913 2318 verba
935 2251 994 2332 rei,
1020 2251 1060 2316 de
1085 2273 1151 2338 qua
1175 2249 1326 2336 agimus,
1351 2246 1496 2312 multum

266 2354 409 2441 prosint.
456 2355 550 2424 Dicit
574 2357 660 2422 enim
684 2381 716 2425 v.
744 2363 771 2424 1.
797 2379 864 2445 seq.
1042 2447 1044 2450 Ι

384 2466 591 2547 „Immortale
614 2469 697 2532 nillil
719 2469 835 2531 moedi
856 2491 1005 2554 compage
1028 2479 1157 2547 tenetur,

384 2573 458 2636 Noc
482 2574 576 2653 ordis,
601 2597 665 2638 aon
689 2577 982 2662 regredientium,
1007 2597 1070 2636 eon
1095 2594 1193 2637 citrea
1216 2572 1331 2650 Roma,

335 2715 339 2723 ·
383 2679 459 2742 Non
482 2703 579 2759 more,
605 2703 668 2744 non
692 2681 793 2761 tellus,
817 2705 880 2744 noa
904 2684 997 2767 opaea
1021 2681 1128 2744 sidera
1153 2679 1242 2743 coeli.

383 2787 470 2850 Nam
494 2791 602 2853 scalae
624 2791 758 2876 pendor,
783 2813 887 2854 reram
913 2788 1115 2853 irrevocabile
1138 2801 1266 2873 tempera,

390 2893 457 2972 Quo
481 2911 624 2961 cunctum
646 2912 770 2962 torrens
792 2900 902 2984 rapiat
916 2898 1053 2984 flamma
1075 2898 1190 2960 ultima
1213 2899 1372 2958 mundum.

388 3001 451 3066 Sed
473 3016 577 3067 tamea
600 3005 779 3068 innumeros
802 3006 941 3068 horrebas
964 3004 1113 3068 sublimia
1130 3002 1236 3089 facta,

385 3108 428 3171 El
450 3110 574 3174 vertutis
596 3111 693 3174 lenos
717 3111 751 3173 ia
774 3122 910 3195 ternpore
934 3110 1024 3197 leupo
1043 3109 1264 3194 frequentant:

386 3214 600 3308 Accumulanl
623 3239 756 3301 quorum
773 3215 902 3302 famam
927 3218 1096 3302 laudesque
1113 3228 1234 3302 poetae.

385 3323 454 3388 Hos
478 3326 555 3389 celsi
575 3339 685 3390 caetae
710 3322 865 3412 Smyrnae
888 3326 927 3389 de
943 3326 1038 3412 fonte
1051 3325 1190 3410 fluentes

386 3429 469 3494 Illos
491 3430 681 3496 Minciadae
706 3431 836 3495 celebrat
859 3431 993 3496 dulcedo
1015 3429 1173 3494 Maronia

384 3535 453 3600 Nec
476 3539 580 3601 minor
603 3540 747 3624 ipsorum
769 3538 923 3602 ddccmit
944 3538 1054 3625 gloria
1076 3545 1182 3601 vatam

391 3641 477 3720 Quae
499 3655 602 3706 maeel
625 3655 768 3707 adanae
791 3643 916 3723 similes,
941 3642 1017 3706 dam
1041 3642 1146 3707 saecla
1169 3641 1329 3721 volabant,

384 3746 428 3810 Et
450 3748 567 3836 oedipo
583 3747 660 3835 poli
678 3761 782 3812 terrae
804 3762 897 3833 atque
920 3771 1058 3833 aequora
1083 3750 1202 3812 droam

387 3853 525 3919 Aethera
547 3855 704 3921 sideream
717 3857 813 3944 jaceo
837 3856 1053 3921 moderamine
1075 3856 1178 3920 volvel.

388 3963 513 4042 Quodsi
531 3979 594 4030 tam
618 3967 749 4054 loaqam
771 3981 952 4031 mouerant
975 3968 1121 4030 carmina
1137 3964 1275 4053 famam,

390 4072 477 4150 Quae
500 4088 634 4139 ceteram
655 4077 748 4162 pestis
770 4077 932 4140 hominum
955 4075 1123 4139 mendacia
1145 4086 1281 4154 cedaar,

381 4272 401 4341 ¹)
424 4272 464 4324 Of.
484 4271 653 4337 epigramma,
674 4270 744 4336 quod
762 4271 869 4323 Isidoro
887 4272 967 4335 vulgo
986 4270 1150 4334 adscribunt,
1170 4270 1241 4336 apud
1260 4270 1401 4336 Mignium:

503 4361 536 4414 si
555 4362 643 4425 Maro,
663 4361 686 4411 ri
704 4361 825 4424 Flaccus,
845 4364 868 4413 ri
913 4381 978 4414 acon
996 4370 1020 4414 et
1039 4361 1145 4414 Persius
1163 4363 1256 4428 horret,

500 4449 627 4502 Laconas
645 4449 669 4500 si
689 4455 713 4501 lc
730 4363 948 4518 Papinianuebiuc
966 4450 1060 4515 taedai,

500 4537 557 4589 Por
575 4547 618 4588 eat
637 4536 729 4588 eximio
749 4535 833 4589 dulcis
851 4537 1015 4590 Prudentius
1033 4554 1077 4589 ore

502 4624 667 4676 (luminibus
686 4622 767 4675 variis
785 4623 880 4675 uobdia
898 4624 944 4676 ille
962 4624 1032 4677 cotia
