3196 5196
599 275 880 340 ·-43-

245 477 276 520 v.
303 457 333 520 5.
359 476 428 541 seq.
458 455 591 518 Unius
615 455 658 518 od
682 456 869 517 moritum
896 454 998 516 cuncti
1015 456 1141 539 periere
1164 455 1308 530 minores,

454 562 628 628 Saleantes·
652 564 766 643 666661,
792 564 916 625 reniae
941 563 984 624 ob
1008 562 1203 626 meritum.

451 667 975 754 8616)(6166661666666616
999 691 1061 751 qno
1085 668 1185 730 ianua
1209 667 1285 730 letho
1378 663 1381 670 ’

455 778 497 841 Et
520 801 584 863 quo
607 780 669 842 6166
693 777 785 857 redit,
809 777 1012 860 solafat't
1034 776 1191 839 molier.

261 915 334 982 Hoc
357 939 518 982 versuum
541 916 709 982 schemate
730 922 808 982 ante
833 909 1006 981 Sedulium
1023 914 1176 1002 inprimis
1195 912 1381 978 Pentadius

152 1043 236 1086 usus
269 1026 338 1104 est,
376 1021 471 1087 onius
502 1044 623 1087 versus
654 1021 815 1108 leguntur
846 1020 883 1084 in
906 1019 1014 1086 Riesii
1037 1020 1143 1087 Anth.
1174 1020 1235 1087 lat.
1259 1044 1291 1106 p.
1320 1023 1382 1086 162

152 1152 219 1216 seq.
241 1129 391 1211 Indulsit
413 1136 513 1216 poeta
530 1129 565 1193 in
581 1129 642 1195 hoo
657 1151 780 1215 genere
805 1151 962 1194 versuum
987 1128 1098 1194 studio
1124 1128 1260 1205 saeculi,
1291 1127 1380 1215 quod

152 1237 287 1304 facetiis
319 1244 353 1303 et
383 1237 541 1304 ludibriis
574 1239 723 1303 cuiusvis
759 1237 848 1302 modi
889 1259 993 1324 aeque
1027 1236 1232 1302 delectatum
1263 1242 1315 1301 est
1346 1259 1385 1301 ae

153 1353 321 1435 quartum·
339 1345 530 1417 artificiosis
555 1346 690 1412 Porfirii
714 1345 892 1433 Optatiani
916 1345 1129 1411 carminibus,
1171 1346 1255 1411 Post
1283 1343 1385 1410 Sedu·

153 1455 236 1520 lium
276 1455 391 1543 plures
427 1456 648 1537 exstiterunt,
694 1455 751 1543 qui
786 1454 871 1520 talia
907 1477 967 1541 per
1003 1452 1214 1541 epanalepsis
1251 1451 1385 1516 schema

160 1562 376 1629 decurrentia
400 1564 548 1629 carmina
572 1564 742 1629 finxerunt
765 1569 805 1629 ut
837 1571 956 1650 poetae
980 1562 1176 1628 christiani:
1210 1558 1384 1625 Teudufus

153 1669 431 1752 Aurelianensis,
477 1671 606 1736 Paulus
649 1671 836 1751 Diaconos,
881 1669 1054 1756 Eugenius
1092 1669 1278 1734 Toletanus
1315 1665 1383 1731 alii.

155 1777 313 1843 Ceterum
339 1800 402 1865 quo
428 1777 644 1842 artificiosior
668 1777 778 1843 estin
802 1777 949 1842 carmine
973 1783 1091 1864 poeta,
1128 1799 1164 1841 eo
1190 1774 1385 1841 obscuriora

152 1888 232 1946 sunt
256 1884 370 1948 verba.

260 2030 456 2116 Hymnus
489 2028 606 2094 alter
635 2026 780 2108 Sedulii,
820 2048 917 2113 quern
941 2025 1044 2091 etiam
1069 2026 1229 2091 Asterius
1254 2028 1383 2114 primus

153 2133 299 2202 edidisse
326 2134 380 2223 (of.
406 2156 510 2221 supra
533 2159 564 2220 p.
591 2133 646 2220 42)
671 2132 824 2212 videtur,
862 2132 902 2197 de
933 2131 1007 2196 vita
1040 2129 1169 2198 Christi
1201 2123 1274 2217 agit
1305 2138 1384 2198 eta

154 2241 343 2308 Trithemio
361 2249 394 2308 et
408 2242 607 2330 quibusdam
621 2241 714 2310 codd.
732 2240 931 2306 inscribitur
952 2239 1021 2322 „De
1037 2240 1209 2305 miraculis
1223 2242 1382 2308 Christi“.

151 2350 315 2417 Decurrit
372 2353 524 2419 dimetris
571 2351 722 2417 iambicis
770 2349 985 2429 acatalectis,
1042 2372 1180 2436 quorum
1229 2346 1385 2434 quaterni

152 2459 328 2547 stropham
363 2457 551 2523 conficiunt.
598 2457 671 2521 Hoc
702 2479 861 2521 versuum
890 2477 1012 2541 genere
1036 2455 1165 2541 primus
1188 2454 1224 2518 in
1248 2453 1383 2540 hymnis

153 2564 389 2653 componendis
413 2586 494 2628 usus
520 2568 572 2628 est
593 2562 802 2642 Ambrosius,
829 2560 1004 2648 episcopus
1029 2560 1088 2625 ille
1112 2557 1383 2639 Mediolanensis‚

153 2696 173 2738 a
198 2695 263 2760 quo
287 2672 351 2737 hoc
374 2670 574 2756 hymnorum
597 2693 703 2756 genus
723 2691 842 2734 nomen
870 2669 1208 2751 „Ambrosianorum“
1237 2668 1384 2756 6161161)

151 2777 258 2843 Deest
289 2777 351 2842 hoc
386 2798 518 2841 carmen
550 2775 584 2840 in
618 2774 729 2840 codice
760 2773 991 2839 vetustissimo
1017 2773 1216 2840 Taurinensi
1249 2782 1283 2842 et
1307 2776 1384 2841 aliis

147 2905 221 2948 vnon
245 2884 372 2970 paucis,
396 2884 543 2970 Legitur
566 2885 599 2948 in
625 2883 696 2949 cod.
714 2881 792 2950 Par.
820 2881 1055 2950 14143tiru10
1085 2883 1205 2948 omisso
1230 2883 1287 2950 fol.
1313 2887 1383 2966 54²,

151 3029 351 3119 inscriptum
373 3031 409 3096 in
433 3030 526 3098 codd.
543 3031 621 3097 Par.
640 3033 726 3097 9347
751 3028 809 3096 fol.
836 3027 873 3093 ‘2¹'
900 2998 1031 3115 ‚ydus
1054 3017 1229 3094 6616661611
1249 3031 1287 3095 de
1305 3016 1384 3093 66646

152 3144 243 3236 dre—2¹4
267 3155 391 3223 Vindd.
418 3161 480 3225 307
514 3163 549 3222 66
581 3159 623 3222 85
650 3182 787 3244 ‚ponnus
810 3158 916 3221 sancti
935 3157 1055 3220 sedulii
1070 3156 1269 3243 presbiteri“,
1295 3153 1384 3218 Mon.

155 3267 274 3345 14569,
312 3263 416 3328 Laon.
445 3267 507 3330 113
547 3267 682 3350 „locabit
714 3288 841 3328 carmen
870 3263 988 3327 notulis
1020 3263 1144 3326 domini
1171 3264 1272 3325 nostri
1292 3261 1387 3324 Itan

156 3370 299 3436 Chrisri“
324 3369 379 3456 (cf.
399 3368 472 3436 Cat.
490 3372 564 3455 gen.
583 3368 651 3435 des.
669 3390 756 3435 man.
778 3369 844 3432 des.
864 3366 971 3454 de'p.'l
995 3391 1026 3453 p.
1045 3367 1120 3454 91),
1146 3363 1387 3431 laurentianis

153 3476 283 3543 duobus
316 3476 387 3542 sine
417 3475 653 3563 inscriptione,
688 3474 724 3539 in
757 3473 826 3538 cod.
852 3472 970 3544 Ambr.
996 3473 1036 3539 R.
1063 3476 1106 3539 46
1132 3479 1166 3538 66
1191 3470 1225 3537 C.
1252 3474 1304 3551 64,
1330 3469 1387 3558 qui

152 3608 231 3688 post
261 3600 423 3688 hymnum
446 3599 473 3665 I.
508 3599 666 3665 exhibent
688 3596 789 3662 haec:
815 3598 983 3685 „Euphor
1008 3597 1087 3661 liber
1112 3596 1235 3660 Sedolii
1260 3582 1314 3684 epi
1331 3595 1385 3658 In-

154 3727 230 3810 cipit
252 3749 368 3811 ymnos
392 3724 528 3788 eiusdem
563 3727 597 3788 o'n
626 3723 777 3809 11666662)
810 3723 884 3804 dni,
921 3723 979 3807 qod
1011 3724 1045 3785 c'n
1080 3745 1208 3784 suoram
1242 3745 1387 3785 versuum

151 3835 326 3920 principiis
356 3834 491 3897 continet
522 3833 732 3920 affatuum&
763 3831 849 3896 aliis.
897 3831 1040 3896 Praeter
1071 3829 1210 3910 codices,
1239 3827 1296 3916 qui
1325 3827 1387 3891 hoc
1445 3865 1448 3872 ι

153 3961 288 4006 carmen
313 3939 449 4005 Sedulio
482 3940 694 4018 adscribunt,
726 3939 828 4005 etiam
852 3938 1047 4004 testimonia
1062 3944 1215 4004 veterum
1239 3942 1384 4013 exstant,

154 4067 241 4134 quae
290 4045 332 4109 de
380 4045 538 4110 carminis
590 4051 726 4111 auctore
777 4043 863 4109 nihil
917 4043 1011 4109 dubii
1064 4043 1268 4131 relinquant.
1334 4040 1388 4106 Sic

153 4150 248 4217 Beda
273 4151 486 4218 Venerabilis
509 4151 545 4217 in
568 4151 654 4217 libro
680 4153 720 4216 de
744 4175 772 4217 a.
799 4174 839 4217 m.
867 4173 937 4238 cap.
964 4153 994 4217 8.
1024 4150 1188 4234 „Metrum
1212 4147 1387 4214 iambicum

267 4369 287 4437 1)
306 4369 483 4436 ildephonsus
504 4373 552 4422 snb
564 4371 734 4421 Ambrosiani
752 4370 856 4420 nomine
875 4368 968 4419 laudat
984 4368 1118 4432 stropham
1139 4363 1269 4417 eSednlii
1288 4361 1384 4424 hymno

159 4460 335 4526 desumptam.
1273 4449 1276 4458 ’

267 4548 287 4618 ²)
306 4551 392 4614 Lege:
414 4552 543 4606 honorem.
