3196 5196
746 312 969 377 ..32-

243 491 358 554 editore
393 487 554 553 latrorum.
601 525 644 539 -
691 486 820 554 Eadem
853 487 1054 574 subscriptio
1089 487 1126 552 in
1161 488 1319 575 pluribus
1357 489 1468 578 iisque

242 594 382 662 eximiae
405 602 505 664 notae
528 597 695 664 codicibus
717 597 899 676 invenitur,
925 598 982 664 hic
1006 597 1078 663 illic
1101 620 1168 664 nen
1192 598 1264 665 sine
1288 599 1417 664 mendis
1436 604 1472 665 et

239 699 422 767 lectionum
446 702 681 792 discrepantiis
703 709 744 769 ut
767 703 803 769 in
826 704 895 770 cod.
920 705 999 772 Par.
1025 707 1123 772 8094.
1147 726 1174 771 s.
1198 703 1264 771 XI.
1288 702 1344 789 (of.
1363 703 1406 769 A.
1425 704 1465 770 L.

240 808 317 875 491.
342 829 418 874 ann.
442 807 513 898 R),
542 807 579 874 in
602 810 672 878 cod.
696 809 775 875 Par.
803 813 935 878 14143.
961 831 986 878 a.
1011 809 1073 875 IX.
1119 811 1192 876 Hoc
1215 833 1293 897 epus
1318 813 1471 878 Sedule'us

202 921 204 926 '
238 917 323 980 inter
346 921 486 984 cortulus
509 921 688 1008 dispersum
710 922 854 1007 reliquit,
878 921 962 1008 quod
985 921 1184 986 recollectum
1209 920 1392 985 adunatum
1416 936 1467 986 et·

239 1069 296 1130 que
320 1045 364 1108 ed
387 1031 481 1108 omne
498 1046 683 1132 elepante'ern
706 1047 904 1134 dleulpotunc
928 1060 971 1111 est
994 1071 1015 1109 a
1038 1049 1148 1114 turcio.
1173 1048 1260 1133 rufo.
1285 1048 1400 1111 noterio
1425 1032 1469 1111 nc

201 1206 204 1212 .
240 1153 407 1218 exconsule
448 1154 616 1218 ordinarie
660 1178 698 1217 00
737 1156 899 1240 petrloio;
953 1153 1023 1219 cod.
1058 1154 1136 1220 Par.
1173 1157 1358 1221 13377...
1395 1169 1466 1240 etq3

234 1263 391 1348 petriol05
432 1257 602 1345 discrepat
625 1259 660 1322 in
684 1259 751 1323 fine
787 1259 858 1324 eod.
882 1258 961 1324 Per.
986 1263 1073 1327 9347
1094 1311 1100 1324 .
1120 1311 1152 1324 ..
1186 1287 1206 1324 a
1237 1263 1341 1325 turno.
1374 1261 1460 1342 rufo.

240 1388 354 1450 asterio
378 1390 521 1472 quinto
545 1375 588 1452 eo
604 1388 728 1452 consule
759 1388 925 1452 ordinarie
949 1403 1043 1474 etque
1068 1390 1179 1474 patrie
1203 1387 1303 1474 (sict),
1337 1388 1469 1456 omittit

238 1493 360 1557 verba:
396 1519 416 1556 a
439 1497 533 1558 turtio
567 1532 612 1540 -
639 1495 778 1580 patricio
803 1492 873 1558 cod.
900 1492 976 1558 Par.
1004 1496 1111 1562 10:307
1137 1493 1333 1580 -Iegitur
1357 1495 1461 1560 etiam

238 1597 272 1663 in
297 1598 367 1666 cod.
391 1597 686 1685 Montepessulano
710 1600 775 1664 362
799 1597 854 1682 (cf.
872 1604 936 1666 cat.
952 1600 1026 1684 gen.
1045 1598 1102 1664 des
1128 1620 1276 1664 manusc.
1294 1599 1353 1665 des
1375 1599 1459 1667 bibl.

238 1705 296 1769 des
312 1703 385 1792 dep.
402 1704 429 1769 I.
447 1728 478 1791 p.
496 1707 586 1788 430),
612 1703 649 1768 in
673 1703 743 1770 cod.
762 1704 856 1769 Troo.
881 1707 973 1771 1524.
993 1727 1018 1771 s.
1036 1703 1112 1770 XV.
1133 1759 1139 1771 .
1158 1757 1164 1770 .
1185 1757 1191 1770 .
1217 1710 1335 1771 asterio
1359 1730 1468 1773 nunc

237 1811 405 1875 exconsule
436 1811 631 1875 ordinarie.
653 1861 659 1876 .
680 1863 686 1876 .
705 1860 729 1891 .‚
761 1809 798 1872 in
820 1809 890 1874 cod.
911 1808 992 1876 Vct.
1017 1809 1100 1895 Reg.
1131 1815 1201 1877 116.
1235 1809 1459 1895 (0111011100-

237 1919 377 1985 scheidii
403 1919 481 1986 bibl.
499 1926 589 2006 patr.
606 1919 669 1985 lat.
686 1917 771 1999 itai,
789 1941 842 2006 ap.
859 1918 964 1984 Arev.
982 1919 1068 2006 Reg.
1086 1923 1120 2002 3)
1133 1975 1139 1987 .
1150 1971 1176 1988 ..
1194 1947 1214 1986 a
1234 1921 1350 1985 Tercle
1362 1920 1462 2003 Rufio

237 2024 360 2090 Asterie
385 2026 420 2088 V.
440 2025 473 2090 0.
499 2029 684 2090 ossensele.
706 2076 738 2092 ..
763 2063 807 2072 -
829 2025 865 2088 in
881 2024 965 2092 Vat.
983 2019 1070 2111 Reg.
1097 2029 1114 2091 1
1140 2024 1258 2112 (Arev.
1276 2050 1307 2113 p.
1328 2026 1386 2112 71)
1405 2080 1411 2093 .
1432 2075 1465 2090 ..

235 2133 269 2196 ln
297 2144 397 2196 certes
420 2133 582 2206 clertules
600 2185 606 2199 .
624 2186 657 2199 ..
685 2132 784 2220 Rnffe
808 2133 934 2197 Asterie
958 2135 1026 2198 nire
1050 2133 1137 2198 olere
1162 2135 1350 2198 encensnle.
1370 2183 1404 2198 ..
1430 2131 1466 2196 in

238 2243 308 2309 eod.
329 2241 405 2308 vat.
423 2240 493 2310 011.
513 2245 543 2308 1.
559 2240 693 2328 (Arev.)
712 2291 719 2304 .
738 2290 770 2308 ..
800 2242 909 2306 Turte'e
931 2242 1031 2328 Ruffe
1046 2241 1173 2307 Asterie
1202 2243 1317 2320 Quinto
1336 2241 1465 2305 Vicani>

241 2350 372 2416 Consule
398 2351 571 2416 Ordinere'o
595 2353 657 2414 etc.
692 2387 735 2396 -
758 2348 793 2413 in
824 2348 936 2414 codice
964 2347 1107 2436 quodam
1130 2347 1291 2414 Remensi
1322 2353 1461 2414 anctore

237 2454 412 2524 Sirmondo
425 2455 481 2542 (cf.
500 2454 606 2520 Teuff.
616 2453 658 2520 R.
669 2454 708 2520 L.
721 2453 765 2520 Ge
795 2477 827 2540 p.
848 2456 956 2544 1120),
981 2455 1016 2519 in
1028 2453 1098 2520 cod.
1113 2453 1233 2521 Rhein.
1252 2457 1292 2522 77
1315 2479 1402 2524 saec.
1414 2459 1458 2526 X.

236 2563 290 2650 (cf.
310 2564 422 2646 Halm,
448 2563 592 2644 Sitzber.
610 2565 668 2630 der
686 2564 753 2630 Ak.
772 2565 801 2630 d.
820 2564 876 2631 W.
894 2564 928 2629 in
944 2563 1054 2630 Wien.
1072 2564 1111 2629 B.
1129 2563 1197 2650 50.)
1216 2617 1222 2629 .
1243 2615 1250 2630 .
1270 2615 1276 2630 .
1302 2591 1322 2629 0
1350 2565 1460 2640 Tertio

235 2671 473 2759 RufoAsterle
496 2696 536 2736 ecc
560 2697 641 2737 oens.
667 2674 792 2736 erelu'ne·
809 2683 900 2756 etque
929 2674 1087 2757 petriolo,
1128 2672 1214 2756 quod
1245 2685 1273 2736 et
1302 2689 1461 2760 sequentes

236 2781 372 2844 eiusdem
387 2778 532 2842 inclinent
547 2801 660 2844 uersus.
693 2775 785 2840 Sume
801 2826 808 2839 .
827 2825 834 2839 .
855 2825 862 2838 .
881 2825 887 2838 .
905 2775 941 2839 iu
957 2775 1027 2840 cod.
1044 2775 1150 2860 Bong.
1168 2779 1233 2843 286
1251 2777 1306 2860 (of.
1323 2778 1462 2864 Hageni

236 2883 361 2971 catat),
386 2883 422 2950 in
445 2883 514 2948 cod.
539 2883 627 2949 Mon.
648 2885 755 2950 14069
778 2905 804 2948 s.
821 2881 882 2948 XI.
908 2881 963 2965 (of.
981 2881 1111 2948 Halmii
1127 2883 1229 2947 catal.
1245 2883 1307 2949 IV.
1325 2886 1372 2972 2.)
1401 2937 1461 2952 ...

182 2998 185 3004 '
235 3016 256 3054 e
286 2990 402 3054 Turcio
429 2989 553 3074 Rufino
580 2989 703 3054 Asterie
734 2993 842 3076 quinto
876 2991 1000 3055 consule
1032 2991 1092 3054 orel
1094 3040 1207 3057 .....
1242 3031 1287 3040 -
1320 2993 1357 3057 in
1389 2994 1460 3060 cod.

234 3097 480 3164 Almcloveenii
497 3152 504 3165 .
523 3148 556 3162 ..
589 3123 610 3162 e
631 3098 746 3163 Turoe'e
769 3099 858 3185 liufo
873 3099 998 3164 Asterie
1026 3100 1149 3181 Quinte,
1173 3103 1241 3165 ciro
1264 3101 1451 3184 clarissimo,

235 3209 359 3272 consule
383 3231 410 3270 e.
428 3231 507 3293 up.
532 3245 575 3254 —
598 3205 721 3272 incod.
741 3204 853 3271 Arntz
873 3259 878 3270 .
899 3261 906 3274 .
925 3256 958 3270 ..
983 3209 1175 3272 adornatum
1316 3210 1353 3276 T.
1369 3207 1462 3296 Rufo

234 3313 364 3380 Asterie.
390 3315 424 3378 V.
449 3313 483 3378 0.
501 3313 665 3378 enconsule
687 3362 745 3379 ...
770 3311 806 3376 in
829 3312 898 3378 cod.
915 3311 1019 3376 Laur.
1041 3316 1090 3376 15.
1111 3311 1157 3400 pl.
1175 3312 1300 3378 XXIII
1324 3364 1410 3378 ....
1437 3341 1459 3378 0

238 3420 377 3485 Tertio
404 3415 506 3508 Rufio
530 3422 727 3485 Auster-io
758 3420 793 3483 V.
818 3420 851 3485 0.
879 3443 944 3485 eece.
1068 3457 1113 3470 —
1151 3420 1187 3484 in
1218 3420 1462 3487 vetustissimis

232 3527 434 3593 membranis
466 3531 603 3592 auctore
629 3523 774 3590 Barthio
794 3575 800 3590 .
822 3574 856 3588 ..
893 3550 913 3587 a
941 3526 1056 3589 Tercle
1078 3519 1214 3589 Bessi
1221 3551 1237 3589 o
1265 3523 1306 3611 l.)
1332 3527 1460 3592 Asterie

236 3637 351 3714 Quinte
374 3637 552 3700 Eneensule
576 3686 583 3700 .
608 3684 616 3699 .
642 3685 649 3701 .
675 3633 730 3719 (cf.
747 3634 852 3700 Arev.
867 3657 900 3720 p.
919 3637 986 3718 72.)
1010 3673 1052 3684 -
1076 3632 1112 3697 in
1136 3632 1206 3699 cod.
1225 3632 1325 3699 Vind.
1343 3637 1408 3700 307
1423 3641 1460 3702 et

232 3742 379 3808 fortasse
402 3740 490 3807 aliis.

340 3845 511 3914 Exhibent
533 3846 616 3912 haec
638 3847 744 3912 verba
768 3846 897 3911 codices
922 3845 983 3911 alii
1006 3846 1042 3910 in
1065 3844 1191 3933 capite,
1230 3844 1291 3910 alii
1320 3844 1357 3910 in
1380 3846 1447 3911 fine

234 3955 434 4036 carminum,
459 3953 520 4019 alii
543 3959 619 4041 post
644 3951 825 4040 epistulam
848 3952 892 4018 ad
915 3951 1167 4033 Macedonium,
1193 3950 1253 4015 alii
1276 3949 1345 4017 alio
1370 3950 1458 4018 loce.

231 4059 272 4126 In
297 4059 407 4127 codice
429 4060 660 4127 vetustissimo
685 4059 888 4127 Taurinensi
911 4081 951 4125 ea
974 4081 1048 4126 cum
1071 4059 1210 4145 prologo
1246 4057 1388 4124 metrico
1420 4059 1458 4124 in

231 4171 297 4236 fine
320 4169 400 4236 iibri
422 4175 503 4236 sunt
527 4168 649 4259 posita.
694 4168 892 4235 Lectionum
919 4169 1104 4234 varietates
1132 4166 1357 4254 respicientes
1389 4190 1450 4233 nos

230 4279 409 4367 praecipue
442 4277 612 4344 nominum
645 4277 796 4344 varietas
831 4276 956 4362 tangit.
1003 4276 1071 4342 Pro
1110 4276 1227 4340 Tercle
1260 4274 1316 4340 vel
1344 4275 1458 4340 Tertio

230 4384 371 4472 praebet
395 4383 465 4451 cod.
484 4383 586 4449 Taur.
610 4385 759 4468 „tuscie“,
792 4381 880 4470 qnod
911 4404 977 4446 non
1001 4367 1173 4467 discrepat
1196 4382 1237 4447 ab
1265 4377 1343 4464 illc,
1382 4405 1458 4448 oum

231 4515 330 4580 saepe
359 4491 395 4557 in
434 4490 497 4557 hoo
539 4486 651 4556 codice
682 4488 819 4553 litterae
851 4508 867 4551 s
898 4491 933 4552 01
967 4507 985 4549 r
1015 4489 1271 4572 permutentur;
1316 4487 1451 4569 „Tveiffl

229 4598 307 4664 Par.
333 4599 429 4665 8094.
465 4594 627 4662 Mendosa
644 4600 696 4660 est
712 4592 810 4659 lectio
839 4591 909 4658 cod.
926 4589 1150 4678 Laurentiani
1178 4591 1360 4673 „Terrena
1398 4593 1456 4682 qui
