3196 5196
691 291 916 355 ..42-

189 474 322 533 tertom“
345 473 407 534 etc.
441 467 493 534 Ne
517 467 634 534 nimis!
658 467 690 534 Ε
715 466 902 533 Trithemio
927 472 1105 531 exaratum
1129 463 1270 529 titulum
1293 463 1328 527 in
1351 463 1419 528 fine

187 599 372 664 proponere
407 582 571 664 praestat,
608 578 667 666 qui
701 584 754 643 est
787 578 1056 658 „eochortatortom
1082 575 1126 639 od
1152 574 1268 660 fideles
1303 571 1356 632 111.
1390 568 1420 634 Ι.

186 681 406 749 Recentiores
429 682 574 748 editores
599 681 741 748 carmini
763 681 971 747 inscribunt:
1007 680 1177 761 „Hymnus
1213 679 1242 742 I.
1282 677 1419 742 Ootlotio

188 793 295 858 ueteris
319 802 347 855 et
370 794 445 856 aovi
465 796 638 858 testamenti
656 814 715 870 per
741 793 863 856 schema
892 786 1101 874 ἑπαναλήψεως
1126 789 1257 850 alteruis
1280 786 1422 850 versitas

187 901 362 986 repetitoe“
384 898 438 985 (cf.
457 899 539 967 Call.
559 899 665 966 Grun.
682 898 804 964 Arntz.
830 896 935 983 edit),
1001 897 1080 974 lcpc'o
1104 900 1216 960 autem
1234 891 1419 970 Arevalus,

188 1027 264 1070 cum
280 1027 300 1068 a
316 1005 488 1070 nonnullis
509 1004 666 1092 apposita
679 1002 853 1090 inscriptio
874 1004 1026 1084 „collatio
1048 1005 1159 1066 veteris
1183 1015 1209 1064 et
1233 1002 1307 1064 aovi
1330 1012 1421 1064 testa·

186 1111 308 1174 menti“
337 1131 403 1175 non
426 1111 527 1198 plane
551 1111 731 1176 conveniat
755 1109 809 1197 (of.
834 1132 866 1175 v.
896 1108 982 1191 106).
1022 1107 1095 1172 Η66
1119 1127 1254 1172 carmen
1277 1103 1421 1168 Asterio

190 1216 446 1302 adscripserunt
469 1215 634 1281 Barthius
651 1215 877 1302 cuspinianus
901 1213 961 1279 alii
986 1211 1125 1299 decepti,
1151 1217 1191 1276 ut
1214 1209 1342 1298 opinor,
1368 1230 1418 1288 eo,

189 1322 277 1410 quod
299 1321 334 1385 in
358 1321 529 1386 nonnullis
555 1321 648 1388 codd.
675 1319 832 1386 carminis
856 1318 1069 1406 inscriptioni
1096 1339 1248 1400 ,carmen
1272 1316 1328 1382 vel
1344 1339 1421 1381 ver-

187 1453 244 1496 sus
269 1428 435 1494 eiusdem“
461 1426 634 1515 praecedit
657 1426 831 1491 annotatio
855 1424 917 1491 illa
943 1425 982 1490 16
1006 1424 1145 1490 Asterie
1171 1423 1310 1490 editore.
1350 1423 1420 1488 Sed

186 1536 334 1616 eoodd.,
372 1535 429 1622 qui
465 1536 603 1601 eandem
639 1534 797 1601 carminis
828 1533 1084 1620 inscriptionem
1109 1530 1332 1597 annotatione
1356 1529 1419 1594 illa

187 1644 311 1709 omissa
324 1646 497 1730 praebent,
511 1651 602 1709 recte
616 1644 798 1729 colligitur,
813 1644 853 1708 de
863 1643 994 1710 Sedulii
1006 1643 1152 1708 eiusdem
1166 1640 1332 1721 versibus,
1349 1661 1418 1704 non

188 1747 321 1814 Asterii
340 1769 411 1813 esse
429 1748 656 1834 cogitandum.
677 1749 767 1814 Mihi
784 1749 918 1836 quidem
935 1749 1037 1814 etiam
1058 1747 1297 1834 inscriptiones
1322 1744 1419 1811 codd.

157 1938 159 1942 Ι
185 1855 288 1923 Vind.
315 1857 357 1922 85
383 1857 505 1920 61246
531 1852 706 1920 Asterium
743 1854 900 1919 carminis
926 1853 1136 1920 collectorem
1173 1859 1207 1919 et
1241 1851 1417 1931 editorem,

109 1957 111 1961 ¹
184 1989 251 2032 non
276 1963 623 2030 61616161111116616
646 1963 815 2030 videntur.
863 1964 960 2029 Hane
984 1987 1091 2030 meam
1123 1962 1311 2050 opinionem
1343 1981 1420 2024 con-

184 2071 298 2136 firmat
332 2070 508 2158 inscriptio
546 2072 616 2137 661.
649 2071 729 2138 Vat.
765 2073 850 2158 Reg.
887 2077 917 2138 b.
954 2095 1156 2160 quamquam
1191 2065 1418 2136 recentissimi

182 2179 338 2260 „Tertiae
384 2177 503 2262 Baffus
548 2179 692 2242 Asterius·
742 2179 875 2256 Qeoiatus
928 2180 1089 2263 sequeutia
1144 2179 1288 2242 coracina
1334 2179 1420 2241 e'ater

183 2289 304 2374 scripta
330 2284 427 2350 061111
447 2285 575 2351 86611111
595 2289 744 2351 16666111(
791 2285 1001 2374 Sequuntur:
1035 2285 1161 2372 elegia,
1194 2285 1341 2371 hymnus
1369 2283 1417 2348 II.

184 2391 344 2460 cf.Arev.
358 2392 466 2480 praef.
492 2397 590 2480 par.
638 2394 688 2459 At
714 2415 842 2459 omnem
867 2393 1111 2460 dubitationem
1133 2393 1262 2458 tollunt
1287 2391 1419 2458 codices

162 2498 275 2586 iique
299 2503 514 2583 praestantes
540 2497 597 2584 qui
621 2520 739 2562 nomen
764 2496 912 2579 Sedulii,
948 2498 1111 2576 auctoris,
1121 2498 1295 2579 carminis,
1333 2519 1418 2585 prae

185 2626 220 2669 se
243 2603 368 2671 ferunt.
416 2605 561 2670 Accedit
596 2606 785 2671 auctoritas
820 2606 933 2672 Bedae
957 2606 1180 2688 Venerabilis
1219 2605 1277 2695 qui
1300 2606 1420 2691 hymni

183 2711 284 2801 primi
308 2711 483 2778 Sedulii
506 2713 707 2779 mentionem
730 2713 814 2780 facit
836 2714 887 2781 ita
912 2715 967 2800 (de
998 2722 1072 2782 arte
1106 2717 1236 2802 metr.):
1278 2712 1419 2797 „Obser-

183 2818 330 2884 vandum
366 2827 418 2883 est
453 2823 566 2883 autem
600 2817 636 2882 iu
672 2818 818 2883 carmine
854 2818 1011 2905 elegiaco,
1049 2820 1172 2908 nequid
1204 2841 1352 2908 unquam
1376 2817 1425 2882 de.

184 2948 287 2993 sensu
332 2949 452 2992 versus
497 2925 701 3014 pentametri
742 2932 918 2993 remaneat
951 2927 1202 3015 inexplicitum,
1254 2925 1344 3015 quod
1382 2925 1419 2988 in

184 3033 339 3122 sequenti
362 3053 465 3098 versu
488 3032 681 3099 hexametro
715 3031 890 3114 reddatur,
924 3033 982 3099 sed
1013 3034 1069 3100 vel
1092 3041 1236 3123 uterque
1260 3035 1415 3101 sensibus

184 3143 254 3209 suis
276 3141 479 3209 terminetur
502 3162 632 3222 versus,
657 3146 697 3205 11
721 3139 949 3206 Sedulius:

438 3309 607 3376 Cantemus
630 3313 716 3392 66611,
741 3325 899 3376 cantemas
922 3313 1069 3376 honorem

434 3417 548 3481 Dulcis
572 3440 663 3480 amor
688 3414 809 3480 Christi
822 3430 976 3504 personat
1000 3441 1053 3481 ore
1068 3419 1137 3504 pio.

291 3571 435 3639 Carmen
457 3574 492 3639 in‘
516 3573 675 3640 honorem
707 3573 760 3639 dei
795 3573 958 3661 seriptum
990 3574 1237 3662 quinquaginta
1269 3574 1418 3664 quinque
1448 3583 1450 3586 ’

184 3681 331 3748 disticha
355 3682 514 3762 continet,
540 3704 680 3770 quorum
704 3682 810 3769 primo
834 3689 936 3769 poeta
960 3683 1066 3748 socios
1088 3683 1217 3748 invitat
1240 3687 1279 3748 ut
1303 3705 1417 3750 secum

184 3789 316 3856 domino
341 3788 501 3855 honorem
518 3794 673 3873 cantent;
697 3789 734 3854 in
758 3788 974 3877 sequentihus
999 3789 1120 3854 eximia
1144 3789 1238 3856 facta
1263 3795 1297 3854 et
1322 3788 1417 3854 dicta

181 3895 309 3962 veteris
332 3897 530 3963 testamenti
554 3903 589 3962 et
611 3897 691 3963 novi
725 3897 815 3963 inter
850 3920 884 3962 66
921 3897 1149 3980 conferuntur,
1188 3920 1253 3986 quo
1287 3896 1415 3963 titulus

182 4003 239 4068 ille
263 4007 366 4068 natus
391 4009 442 4070 est
479 4002 636 4088 „collatio
669 4002 796 4069 veteris
821 4008 855 4068 et
877 4004 958 4069 novi
981 4003 1211 4070 testamenti“.
1259 4004 1413 4089 Excepto

181 4109 289 4196 primo
313 4107 457 4173 disticho
482 4107 664 4174 artificiose
688 4130 822 4174 carmen
847 4114 898 4174 est
922 4107 1141 4196 compositum
1164 4109 1234 4188 ita,
1268 4116 1307 4174 ut
1335 4133 1414 4195 pen-

182 4211 389 4280 themimeris
426 4213 551 4300 prioris
594 4209 714 4279 versus
759 4213 805 4279 sit
842 4214 986 4300 proximi
1025 4215 1229 4302 pentametri
1267 4214 1416 4280 hemisti-

182 4320 293 4386 chium
316 4321 472 4401 alterum,
497 4343 598 4408 quam
613 4343 772 4386 versuum
796 4319 938 4385 formam
961 4321 1175 4406 grammatici
1197 4321 1417 4409 epanalepsin

183 4426 341 4491 dicebant
370 4425 427 4491 vel
460 4447 594 4492 carmen
629 4425 873 4513 ,paracterium
898 4425 918 4492 i.
944 4427 1229 4514 repercussorium
1254 4450 1301 4510 eo,
1327 4428 1417 4515 quod

181 4531 433 4618 repercutiatur
456 4555 543 4598 unus
567 4553 686 4598 versus
720 4534 762 4598 ab
787 4532 894 4598 altero
918 4537 977 4598 ut:
