3196 5196
739 296 962 358 -38-

224 465 317 544 fieri,
343 489 417 531 enm
440 467 557 533 eadem
582 491 668 557 quae
684 469 721 534 in
736 470 883 536 carmine
906 477 1099 537 tractentur
1117 471 1154 534 in
1168 491 1280 556 prosa.
1305 467 1463 533 Eundem

222 569 380 636 carminis
402 572 558 654 titulum,
592 595 689 661 quem
722 574 870 662 epistula
893 575 938 640 ad
959 575 1193 642 Macedonium
1215 574 1253 654 Ι.,
1281 575 1460 641 exhibent:

220 674 375 740 Isidorus
411 677 465 763 (of.
490 700 594 764 supra
624 703 657 766 p.
682 680 757 765 28),
782 680 877 746 Beda
904 679 995 760 Ven,
1032 681 1155 748 Comm.
1180 681 1216 746 in
1238 682 1321 748 Luc.
1360 704 1386 747 c.
1413 684 1459 749 49

225 778 404 862 „sedulius
427 782 465 847 iu
487 782 696 869 paschali
719 785 915 849 carmine
937 784 1078 872 pulchre
1097 788 1252 852 versibus
1276 787 1396 867 dixit“‚
1422 788 1462 852 in

219 887 309 956 libro
334 888 375 954 de
390 889 531 956 metrica
551 891 684 957 ratione
710 891 824 976 „Idem
840 891 946 976 (Sed.)
970 894 1042 980 ipse
1064 895 1101 959 in
1116 896 1263 960 carmine
1279 896 1453 982 paschali“

222 1021 305 1063 c.a
322 1050 329 1064 .
349 1023 375 1083 .;
399 1000 570 1086 appendix
593 1001 638 1066 ad
660 1003 691 1067 b.
709 1001 824 1067 Caroli
847 1002 965 1088 Magni
989 1002 1187 1090 Capitulare
1212 1003 1253 1068 de
1273 1003 1374 1088 imag.
1402 1006 1456 1086 (cf.

222 1129 275 1193 ap.
298 1107 404 1192 hlign.
429 1114 454 1172 t.
480 1111 533 1175 98.
557 1131 590 1195 p.
617 1112 702 1176 1321
732 1107 909 1191 „Sedulius
932 1110 969 1174 in
991 1110 1080 1175 libro
1095 1109 1156 1177 IV.
1181 1108 1353 1195 paschalis
1379 1130 1458 1172 car-

219 1211 368 1298 minis“),
386 1210 593 1297 Smaragdus
607 1213 723 1292 abbas,
736 1213 917 1298 Dungalns
934 1214 1038 1294 Recl,
1056 1215 1164 1280 Jonas
1181 1212 1456 1294 Aurelianensis,

219 1321 383 1386 Asserius
418 1321 631 1386 llenevensis
666 1322 748 1406 (vid.
784 1345 888 1409 supra
910 1347 943 1410 p.
978 1328 1020 1390 14
1058 1324 1112 1405 „in
1135 1323 1291 1410 paschali
1314 1323 1458 1388 metrico

221 1430 424 1512 carmine“),
460 1429 659 1515 Sigebertus
690 1429 943 1497 Gemblacensis
967 1433 1048 1516 (vid.
1074 1454 1179 1518 supra
1210 1456 1242 1518 p.
1268 1435 1311 1498 29
1340 1453 1459 1518 „prae-

219 1535 379 1601 titulavit
401 1536 562 1623 paschale
586 1540 757 1626 carmen“)
782 1539 852 1605 alii.
878 1540 1068 1606 Verborum
1084 1541 1233 1606 ordinem
1257 1541 1455 1606 invertunt:

218 1640 407 1707 Rhabanus
437 1643 579 1708 Maurus
610 1643 715 1724 Beda,
740 1645 864 1710 Comm.
896 1646 931 1709 in
963 1647 1088 1712 llatth.
1120 1647 1156 1727 Ι,
1190 1652 1220 1712 1.
1251 1651 1318 1732 (ap.
1345 1647 1453 1731 Mign.

218 1754 244 1814 t
280 1751 353 1814 107.
385 1772 417 1834 p.
445 1752 522 1829 744)
574 1748 641 1830 „Et
677 1748 836 1816 Sedulius
870 1752 906 1815 in
937 1751 1127 1816 carmine
1159 1751 1370 1838 paschali
1402 1752 1456 1816 ita

218 1855 400 1943 loquitur.“
428 1855 637 1921 Trithemius
661 1857 697 1940 (l.
723 1880 749 1922 c.
779 1880 930 1937 „carmen
953 1858 1149 1945 paschale“)
1168 1914 1174 1926 .
1194 1915 1200 1926 .
1219 1910 1253 1925 ..

327 1963 469 2048 Integra
497 1985 620 2050 prosae
650 1964 826 2050 inscriptio
851 1965 979 2050 legitur
1002 1965 1094 2052 apud
1115 1967 1337 2032 Paschasium
1360 1967 1455 2033 Rad-

218 2074 350 2138 bertum
372 2072 413 2137 de
434 2079 540 2159 partu
553 2072 642 2158 virg.
668 2095 734 2159 kap.
751 2074 856 2158 hlign.
880 2081 905 2138 t.
925 2079 989 2141 120
1001 2098 1033 2161 p.
1049 2077 1152 2159 1385)
1177 2075 1275 2157 „hinc
1292 2074 1454 2141 Sedulius

216 2180 335 2246 rhetor
382 2181 555 2246 Romanae
594 2181 754 2246 ecclesiae
802 2181 837 2246 in
875 2181 1028 2270 paschali
1067 2205 1128 2248 sno
1168 2205 1269 2269 opere
1309 2185 1359 2250 ait
1378 2239 1411 2251 ..
1434 2191 1450 2220 ‘⁴

218 2289 405 2356 Confundit
443 2290 565 2356 titulos
604 2290 693 2355 idem
730 2291 827 2356 modo
865 2314 949 2378 opus
983 2291 1144 2379 paschale
1182 2292 1277 2357 modo
1315 2313 1454 2357 carmen

217 2398 377 2486 paschale
402 2396 516 2462 dicens
539 2395 744 2462 Hincmarus
767 2397 803 2460 in
826 2420 926 2485 opere
950 2398 991 2464 de
1014 2421 1082 2464 non
1103 2399 1197 2464 trina
1221 2398 1359 2465 deitate.

326 2502 444 2589 Neque
459 2523 542 2567 vero
558 2501 697 2580 codices,
716 2501 805 2589 quod
822 2503 866 2566 ad
878 2503 989 2589 operis
1006 2501 1182 2568 Seduliani
1196 2504 1451 2591 inscriptionem

218 2609 354 2688 attinet,
380 2610 604 2678 consentiunt.
629 2611 670 2676 Iu
686 2611 876 2697 fragmento
893 2611 1134 2692 vetustissimo,
1163 2612 1251 2700 qnod
1264 2613 1452 2678 Mediolani

217 2717 255 2782 in
276 2717 483 2784 bibliotheca
513 2719 740 2784 Ambrosiana
770 2725 986 2800 asservatur,
1027 2721 1230 2808 subscriptio
1263 2720 1346 2785 haec
1378 2728 1448 2786 est:

218 2811 302 2911 arpi.
327 2828 431 2911 operis
453 2827 574 2890 sedulii
593 2830 680 2890 sacri
703 2827 867 2892 librorum.
893 2830 973 2891 nori.
998 2843 1026 2890 et
1049 2832 1158 2892 esteris
1181 2831 1357 2892 testamenti
1375 2831 1456 2892 libri

216 2933 331 3016 quinq:
347 2932 502 3015 feliciter.

322 3034 410 3099 Fere
440 3034 579 3100 eandem
610 3034 860 3121 inscriptionem
883 3035 996 3121 operis
1020 3058 1037 3100 e
1061 3037 1308 3124 subscriptione
1324 3038 1449 3103 codicis

214 3139 440 3206 'laurinensis
457 3139 646 3226 colligimus
669 3138 725 3223 (cf.
746 3160 852 3225 supra
864 3163 896 3226 p.
909 3144 967 3224 31)
991 3149 1026 3205 ct
1050 3163 1068 3205 e
1090 3141 1184 3208 codd.
1209 3165 1242 3207 n.
1262 3146 1305 3209 74
1327 3142 1447 3208 biblio-

213 3247 335 3314 thecae
371 3245 561 3334 pd'EpinaL
608 3246 651 3314 cf.
683 3244 757 3312 Cat.
782 3271 816 3332 g.
841 3246 900 3311 des
932 3270 1020 3312 man.
1045 3247 1104 3313 des
1128 3247 1202 3335 dep.
1226 3249 1284 3314 ΙΠ
1306 3276 1339 3339 p.
1364 3251 1449 3336 430)

212 3359 358 3443 „Incipit
379 3381 506 3422 sucrum
529 3381 609 3444 opus
623 3356 750 3421 Scdalr'i
769 3357 808 3420 de
831 3359 928 3420 cetera·
946 3370 1124 3421 testanieuto
1147 3359 1202 3421 lib.
1225 3357 1280 3424 I.“
1296 3357 1448 3445 [Riccar-

215 3463 316 3529 diano
354 3465 420 3528 409
467 3461 621 3546 „sedulii
657 3475 771 3549 poetae
815 3485 981 3525 sacrorum
1028 3465 1205 3526 carminum
1256 3465 1336 3527 libri
1370 3462 1449 3548 IV.]

214 3570 447 3636 Laurentiano
471 3573 526 3637 23.
558 3570 645 3657 plut.
668 3568 746 3636 XV.
784 3572 921 3656 „incipit
945 3571 1112 3656 pmejbtib
1145 3576 1176 3633 iu
1210 3596 1338 3635 scoriam
1370 3597 1451 3659 opus

214 3677 255 3741 de
277 3681 374 3740 ceteri
397 3690 576 3741 lacrumando
599 3679 679 3742 liber
696 3681 860 3766 primns.·'‘
1386 3688 1391 3692 ’

321 3783 363 3848 In
408 3784 613 3852 editionibus
654 3785 820 3864 vetustis,
869 3805 954 3871 quae
995 3783 1193 3872 plerumque
1234 3785 1280 3850 ad
1317 3787 1450 3852 codices

213 3891 420 3958 recentiores
444 3893 631 3958 recensitae
651 3899 741 3974 sunt,
765 3892 890 3959 titulus
914 3893 1018 3957 etiam
1044 3892 1184 3976 legitur,
1209 3915 1308 3980 quem
1322 3896 1449 3980 probat

212 4001 381 4069 Baehrius
420 4001 650 4086 „hlirabilium
686 4001 875 4067 divinornm
909 4002 980 4066 sive
1019 4001 1130 4088 operis
1161 3999 1334 4087 paschalis
1366 4002 1448 4068 libri

213 4111 408 4200 (quattuor)
432 4106 611 4193 quinque.“
631 4104 696 4189 (Cf.
713 4115 928 4193 conspectum
943 4105 1130 4171 editionum
1145 4126 1199 4191 ap.
1212 4105 1320 4173 Arev.
1337 4107 1450 4194 praef.

212 4243 245 4307 p.
270 4220 340 4297 58.)
358 4211 567 4276 Arntzenius
582 4210 619 4274 in
635 4211 848 4298 praefatione
863 4211 1057 4298 suspicatur
1073 4210 1116 4275 ab
1132 4208 1273 4275 Asterio
1293 4210 1451 4298 dispersa

213 4323 372 4390 carminis
411 4321 559 4385 membra
605 4319 787 4406 colligente
835 4320 934 4384 illum
971 4318 1114 4384 titulum
1153 4319 1324 4385 adiectum
1364 4343 1448 4402 esse,

212 4433 413 4515 argumento
436 4425 553 4490 adlato
577 4424 684 4489 nullo.
734 4424 851 4512 Neque
879 4423 1049 4490 codicibus
1074 4425 1317 4492 vetustissimis
1339 4451 1448 4517 neque

210 4539 365 4598 veterum
389 4529 592 4596 testimoniis
616 4529 701 4594 haec
726 4529 902 4616 inscriptio
932 4532 1108 4617 probatur.
1156 4527 1315 4596 Ceterum
1346 4534 1449 4599 facile
