<?xml version="1.0" encoding="UTF-8"?>
<!DOCTYPE html PUBLIC "-//W3C//DTD XHTML 1.0 Transitional//EN"
    "http://www.w3.org/TR/xhtml1/DTD/xhtml1-transitional.dtd">
<html xmlns="http://www.w3.org/1999/xhtml" xml:lang="en" lang="en">
 <head>
  <title>
</title>
<meta http-equiv="Content-Type" content="text/html;charset=utf-8" />
  <meta name='ocr-system' content='tesseract 3.04.00' />
  <meta name='ocr-capabilities' content='ocr_page ocr_carea ocr_par ocr_line ocrx_word'/>
</head>
<body>
  <div class='ocr_page' id='page_1' title='image "./deseduliipoetae00sedugoog_0025.png"; bbox 0 0 3196 5196; ppageno 0'>
   <div class='ocr_carea' id='block_1_1' title="bbox 745 337 968 401">
    <p class='ocr_par' dir='ltr' id='par_1_1' title="bbox 745 337 968 401">
     <span class='ocr_line' id='line_1_1' title="bbox 745 337 968 401; baseline 0.004 -18"><span class='ocrx_word' id='word_1_1' title='bbox 745 337 968 401; x_wconf 68' lang='lat'><strong>„14-</strong></span> 
     </span>
    </p>
   </div>
   <div class='ocr_carea' id='block_1_2' title="bbox 246 511 1474 601">
    <p class='ocr_par' dir='ltr' id='par_1_2' title="bbox 246 511 1474 601">
     <span class='ocr_line' id='line_1_2' title="bbox 246 511 1474 601; baseline 0.003 -23"><span class='ocrx_word' id='word_1_2' title='bbox 246 512 330 578; x_wconf 90' lang='lat' dir='ltr'><strong>dulii</strong></span> <span class='ocrx_word' id='word_1_3' title='bbox 353 511 468 601; x_wconf 89' lang='lat' dir='ltr'><strong>patria</strong></span> <span class='ocrx_word' id='word_1_4' title='bbox 492 520 721 581; x_wconf 90' lang='lat' dir='ltr'><strong>commentum.</strong></span> <span class='ocrx_word' id='word_1_5' title='bbox 768 513 898 580; x_wconf 87' lang='lat' dir='ltr'><strong>Nomen</strong></span> <span class='ocrx_word' id='word_1_6' title='bbox 932 512 1023 581; x_wconf 91' lang='lat' dir='ltr'><strong>illud</strong></span> <span class='ocrx_word' id='word_1_7' title='bbox 1055 514 1163 582; x_wconf 82' lang='lat' dir='ltr'><strong>Getae</strong></span> <span class='ocrx_word' id='word_1_8' title='bbox 1199 515 1258 581; x_wconf 86' lang='lat' dir='ltr'><strong>alii</strong></span> <span class='ocrx_word' id='word_1_9' title='bbox 1296 515 1397 582; x_wconf 88' lang='lat' dir='ltr'><strong>aliter</strong></span> <span class='ocrx_word' id='word_1_10' title='bbox 1432 537 1474 582; x_wconf 91' lang='lat' dir='ltr'><strong>ac</strong></span> 
     </span>
    </p>
   </div>
   <div class='ocr_carea' id='block_1_3' title="bbox 245 619 1474 820">
    <p class='ocr_par' dir='ltr' id='par_1_3' title="bbox 245 619 1474 820">
     <span class='ocr_line' id='line_1_3' title="bbox 245 619 1474 713; baseline 0.002 -23"><span class='ocrx_word' id='word_1_11' title='bbox 245 647 305 691; x_wconf 93' lang='lat' dir='ltr'><strong>nos</strong></span> <span class='ocrx_word' id='word_1_12' title='bbox 329 622 549 711; x_wconf 86' lang='lat' dir='ltr'><strong>interpretati</strong></span> <span class='ocrx_word' id='word_1_13' title='bbox 572 629 652 690; x_wconf 90' lang='lat' dir='ltr'><strong>sunt</strong></span> <span class='ocrx_word' id='word_1_14' title='bbox 666 628 688 710; x_wconf 70' lang='grc'><strong>1)</strong></span> <span class='ocrx_word' id='word_1_15' title='bbox 723 627 763 690; x_wconf 89' lang='grc'><strong>11</strong></span> <span class='ocrx_word' id='word_1_16' title='bbox 799 622 982 706; x_wconf 88' lang='lat' dir='ltr'><strong>Barthius,</strong></span> <span class='ocrx_word' id='word_1_17' title='bbox 1015 623 1073 713; x_wconf 91' lang='lat' dir='ltr'><strong>qui</strong></span> <span class='ocrx_word' id='word_1_18' title='bbox 1103 619 1163 692; x_wconf 89' lang='lat' dir='ltr'><strong>illo</strong></span> <span class='ocrx_word' id='word_1_19' title='bbox 1197 624 1271 692; x_wconf 89' lang='lat' dir='ltr'><strong>loco</strong></span> <span class='ocrx_word' id='word_1_20' title='bbox 1307 624 1348 691; x_wconf 93' lang='lat' dir='ltr'><strong>de</strong></span> <span class='ocrx_word' id='word_1_21' title='bbox 1383 623 1474 692; x_wconf 85' lang='lat' dir='ltr'><strong>Geta</strong></span> 
     </span>
     <span class='ocr_line' id='line_1_4' title="bbox 245 727 1474 820; baseline 0.002 -24"><span class='ocrx_word' id='word_1_22' title='bbox 245 729 403 798; x_wconf 63' lang='lat' dir='ltr'><strong>ridiculov</strong></span> <span class='ocrx_word' id='word_1_23' title='bbox 421 729 564 818; x_wconf 89' lang='lat' dir='ltr'><strong>quodam</strong></span> <span class='ocrx_word' id='word_1_24' title='bbox 588 727 648 795; x_wconf 87' lang='lat' dir='ltr'><strong>deo</strong></span> <span class='ocrx_word' id='word_1_25' title='bbox 671 729 979 797; x_wconf 88' lang='lat' dir='ltr'><strong>vetustissimorum</strong></span> <span class='ocrx_word' id='word_1_26' title='bbox 1013 728 1257 797; x_wconf 80' lang='lat' dir='ltr'><strong>Britannorum</strong></span> <span class='ocrx_word' id='word_1_27' title='bbox 1283 731 1362 798; x_wconf 89' lang='lat' dir='ltr'><strong>vult</strong></span> <span class='ocrx_word' id='word_1_28' title='bbox 1385 732 1474 820; x_wconf 83' lang='lat' dir='ltr'><strong>cogi-</strong></span> 
     </span>
    </p>
   </div>
   <div class='ocr_carea' id='block_1_4' title="bbox 237 830 1584 924">
    <p class='ocr_par' dir='ltr' id='par_1_4' title="bbox 237 830 1584 924">
     <span class='ocr_line' id='line_1_5' title="bbox 237 830 1584 924; baseline 0.002 -21"><span class='ocrx_word' id='word_1_29' title='bbox 237 830 325 904; x_wconf 81' lang='lat' dir='ltr'><strong>tari.</strong></span> <span class='ocrx_word' id='word_1_30' title='bbox 371 834 466 902; x_wconf 86' lang='lat' dir='ltr'><strong>Dicit</strong></span> <span class='ocrx_word' id='word_1_31' title='bbox 490 833 578 900; x_wconf 91' lang='lat' dir='ltr'><strong>enim</strong></span> <span class='ocrx_word' id='word_1_32' title='bbox 600 833 747 902; x_wconf 87' lang='lat' dir='ltr'><strong>Advers.</strong></span> <span class='ocrx_word' id='word_1_33' title='bbox 771 857 799 902; x_wconf 92' lang='lat' dir='ltr'><strong>c.</strong></span> <span class='ocrx_word' id='word_1_34' title='bbox 824 833 972 902; x_wconf 86' lang='lat' dir='ltr'>XXVII.</span> <span class='ocrx_word' id='word_1_35' title='bbox 992 837 1044 903; x_wconf 81' lang='lat'><strong>14.</strong></span> <span class='ocrx_word' id='word_1_36' title='bbox 1061 835 1347 924; x_wconf 78' lang='lat' dir='ltr'><strong>interpretatione</strong></span> <span class='ocrx_word' id='word_1_37' title='bbox 1364 837 1475 906; x_wconf 78' lang='lat' dir='ltr'><strong>Getae</strong></span> <span class='ocrx_word' id='word_1_38' title='bbox 1583 851 1584 862; x_wconf 61' lang='lat'>¹</span> 
     </span>
    </p>
   </div>
   <div class='ocr_carea' id='block_1_5' title="bbox 247 942 1544 1034">
    <p class='ocr_par' dir='ltr' id='par_1_5' title="bbox 247 942 1544 1034">
     <span class='ocr_line' id='line_1_6' title="bbox 247 942 1544 1034; baseline -0.002 -23"><span class='ocrx_word' id='word_1_39' title='bbox 247 952 288 1013; x_wconf 92' lang='lat' dir='ltr'><strong>ut</strong></span> <span class='ocrx_word' id='word_1_40' title='bbox 310 965 474 1034; x_wconf 88' lang='lat' dir='ltr'><strong>personae</strong></span> <span class='ocrx_word' id='word_1_41' title='bbox 498 942 687 1010; x_wconf 89' lang='lat' dir='ltr'><strong>comoediae</strong></span> <span class='ocrx_word' id='word_1_42' title='bbox 710 943 854 1010; x_wconf 86' lang='lat' dir='ltr'><strong>reiecta:</strong></span> <span class='ocrx_word' id='word_1_43' title='bbox 895 945 965 1028; x_wconf 82' lang='lat' dir='ltr'><strong>,At</strong></span> <span class='ocrx_word' id='word_1_44' title='bbox 998 966 1125 1011; x_wconf 91' lang='lat' dir='ltr'><strong>omnem</strong></span> <span class='ocrx_word' id='word_1_45' title='bbox 1151 944 1390 1012; x_wconf 85' lang='lat' dir='ltr'><strong>difficultatem</strong></span> <span class='ocrx_word' id='word_1_46' title='bbox 1411 944 1475 1011; x_wconf 81' lang='lat' dir='ltr'><strong>tol·</strong></span> <span class='ocrx_word' id='word_1_47' title='bbox 1534 945 1544 960; x_wconf 74' lang='lat'><strong>⁹</strong></span> 
     </span>
    </p>
   </div>
   <div class='ocr_carea' id='block_1_6' title="bbox 246 1050 1476 1250">
    <p class='ocr_par' dir='ltr' id='par_1_6' title="bbox 246 1050 1476 1250">
     <span class='ocr_line' id='line_1_7' title="bbox 246 1050 1476 1141; baseline 0 -23"><span class='ocrx_word' id='word_1_48' title='bbox 246 1053 324 1121; x_wconf 88' lang='lat' dir='ltr'><strong>lunt</strong></span> <span class='ocrx_word' id='word_1_49' title='bbox 348 1052 530 1141; x_wconf 90' lang='lat' dir='ltr'><strong>scriptores</strong></span> <span class='ocrx_word' id='word_1_50' title='bbox 554 1073 667 1119; x_wconf 88' lang='lat' dir='ltr'><strong>rerum</strong></span> <span class='ocrx_word' id='word_1_51' title='bbox 683 1050 926 1139; x_wconf 87' lang='lat' dir='ltr'><strong>Anglioarum‚</strong></span> <span class='ocrx_word' id='word_1_52' title='bbox 956 1052 1015 1140; x_wconf 92' lang='lat' dir='ltr'><strong>qui</strong></span> <span class='ocrx_word' id='word_1_53' title='bbox 1038 1052 1281 1120; x_wconf 88' lang='lat' dir='ltr'><strong>vetustissimis</strong></span> <span class='ocrx_word' id='word_1_54' title='bbox 1296 1052 1476 1118; x_wconf 90' lang='lat' dir='ltr'><strong>Britannis</strong></span> 
     </span>
     <span class='ocr_line' id='line_1_8' title="bbox 248 1158 1476 1250; baseline 0 -22"><span class='ocrx_word' id='word_1_55' title='bbox 248 1160 371 1229; x_wconf 83' lang='lat' dir='ltr'><strong>Getam</strong></span> <span class='ocrx_word' id='word_1_56' title='bbox 393 1182 513 1226; x_wconf 89' lang='lat' dir='ltr'><strong>nomen</strong></span> <span class='ocrx_word' id='word_1_57' title='bbox 536 1158 727 1225; x_wconf 89' lang='lat' dir='ltr'><strong>ridiculi</strong></span> <span class='ocrx_word' id='word_1_58' title='bbox 750 1159 924 1226; x_wconf 83' lang='lat' dir='ltr'><strong>cuiusdam</strong></span> <span class='ocrx_word' id='word_1_59' title='bbox 947 1160 1002 1227; x_wconf 92' lang='lat' dir='ltr'><strong>dei</strong></span> <span class='ocrx_word' id='word_1_60' title='bbox 1036 1160 1142 1227; x_wconf 84' lang='lat' dir='ltr'><strong>fuisse</strong></span> <span class='ocrx_word' id='word_1_61' title='bbox 1165 1161 1336 1246; x_wconf 88' lang='lat' dir='ltr'><strong>scribunt,</strong></span> <span class='ocrx_word' id='word_1_62' title='bbox 1370 1161 1476 1250; x_wconf 85' lang='lat' dir='ltr'><strong>inpri-</strong></span> 
     </span>
    </p>
   </div>
   <div class='ocr_carea' id='block_1_7' title="bbox 246 1257 1505 1358">
    <p class='ocr_par' dir='ltr' id='par_1_7' title="bbox 246 1257 1505 1358">
     <span class='ocr_line' id='line_1_9' title="bbox 246 1257 1505 1358; baseline 0.002 -25"><span class='ocrx_word' id='word_1_63' title='bbox 246 1268 310 1334; x_wconf 86' lang='lat' dir='ltr'><strong>mis</strong></span> <span class='ocrx_word' id='word_1_64' title='bbox 334 1257 497 1333; x_wconf 88' lang='lat' dir='ltr'><strong>Asserius</strong></span> <span class='ocrx_word' id='word_1_65' title='bbox 520 1266 555 1331; x_wconf 90' lang='lat' dir='ltr'><strong>in</strong></span> <span class='ocrx_word' id='word_1_66' title='bbox 579 1266 653 1332; x_wconf 89' lang='grc'><strong>1111</strong></span> <span class='ocrx_word' id='word_1_67' title='bbox 675 1264 851 1349; x_wconf 87' lang='lat' dir='ltr'><strong>Aelfredi,</strong></span> <span class='ocrx_word' id='word_1_68' title='bbox 876 1265 934 1354; x_wconf 91' lang='lat' dir='ltr'><strong>qni</strong></span> <span class='ocrx_word' id='word_1_69' title='bbox 958 1273 993 1333; x_wconf 84' lang='lat' dir='ltr'><strong>et</strong></span> <span class='ocrx_word' id='word_1_70' title='bbox 1014 1267 1248 1354; x_wconf 85' lang='lat' dir='ltr'><strong>genealogiam</strong></span> <span class='ocrx_word' id='word_1_71' title='bbox 1284 1269 1356 1335; x_wconf 91' lang='lat' dir='ltr'><strong>eius</strong></span> <span class='ocrx_word' id='word_1_72' title='bbox 1379 1268 1477 1358; x_wconf 90' lang='lat' dir='ltr'><strong>ponit</strong></span> <span class='ocrx_word' id='word_1_73' title='bbox 1502 1330 1505 1336; x_wconf 90' lang='lat'>.</span> 
     </span>
    </p>
   </div>
   <div class='ocr_carea' id='block_1_8' title="bbox 248 1371 1584 1570">
    <p class='ocr_par' dir='ltr' id='par_1_8' title="bbox 248 1371 1584 1570">
     <span class='ocr_line' id='line_1_10' title="bbox 248 1371 1584 1470; baseline -0.002 -30"><span class='ocrx_word' id='word_1_74' title='bbox 248 1379 283 1440; x_wconf 91' lang='lat' dir='ltr'><strong>et</strong></span> <span class='ocrx_word' id='word_1_75' title='bbox 305 1372 397 1470; x_wconf 82' lang='lat' dir='ltr'><strong>vatis</strong></span> <span class='ocrx_word' id='word_1_76' title='bbox 430 1371 523 1438; x_wconf 86' lang='lat' dir='ltr'><strong>Scoti</strong></span> <span class='ocrx_word' id='word_1_77' title='bbox 558 1373 707 1440; x_wconf 85' lang='lat' dir='ltr'><strong>carmina</strong></span> <span class='ocrx_word' id='word_1_78' title='bbox 741 1373 915 1462; x_wconf 80' lang='lat' dir='ltr'><strong>producit,</strong></span> <span class='ocrx_word' id='word_1_79' title='bbox 954 1373 1048 1441; x_wconf 88' lang='lat' dir='ltr'><strong>Scoti</strong></span> <span class='ocrx_word' id='word_1_80' title='bbox 1083 1373 1175 1457; x_wconf 91' lang='lat' dir='ltr'><strong>dico,</strong></span> <span class='ocrx_word' id='word_1_81' title='bbox 1209 1380 1259 1441; x_wconf 92' lang='lat' dir='ltr'><strong>ut</strong></span> <span class='ocrx_word' id='word_1_82' title='bbox 1292 1377 1476 1440; x_wconf 90' lang='lat' dir='ltr'><strong>notatas</strong></span> <span class='ocrx_word' id='word_1_83' title='bbox 1583 1409 1584 1420; x_wconf 62' lang='lat'>2</span> 
     </span>
     <span class='ocr_line' id='line_1_11' title="bbox 248 1467 1584 1570; baseline -0.003 -22"><span class='ocrx_word' id='word_1_84' title='bbox 248 1479 606 1570; x_wconf 81' lang='lat' dir='ltr'><strong>superstitiones</strong></span> <span class='ocrx_word' id='word_1_85' title='bbox 628 1480 966 1548; x_wconf 90' lang='lat' dir='ltr'><strong>barbaricarum</strong></span> <span class='ocrx_word' id='word_1_86' title='bbox 999 1480 1227 1549; x_wconf 87' lang='lat' dir='ltr'><strong>nationum</strong></span> <span class='ocrx_word' id='word_1_87' title='bbox 1260 1504 1280 1547; x_wconf 90' lang='lat' dir='ltr'><strong>a</strong></span> <span class='ocrx_word' id='word_1_88' title='bbox 1312 1484 1478 1548; x_wconf 89' lang='lat' dir='ltr'><strong>conter-</strong></span> <span class='ocrx_word' id='word_1_89' title='bbox 1583 1467 1584 1486; x_wconf 50' lang='lat'><strong>³</strong></span> 
     </span>
    </p>
   </div>
   <div class='ocr_carea' id='block_1_9' title="bbox 246 1586 1478 4055">
    <p class='ocr_par' dir='ltr' id='par_1_9' title="bbox 246 1586 1478 4055">
     <span class='ocr_line' id='line_1_12' title="bbox 247 1586 1478 1677; baseline -0.003 -21"><span class='ocrx_word' id='word_1_90' title='bbox 247 1612 377 1657; x_wconf 88' lang='lat' dir='ltr'><strong>raneo</strong></span> <span class='ocrx_word' id='word_1_91' title='bbox 402 1587 537 1675; x_wconf 90' lang='lat' dir='ltr'><strong>magis</strong></span> <span class='ocrx_word' id='word_1_92' title='bbox 561 1587 757 1654; x_wconf 70' lang='grc' dir='ltr'><strong>11111111α</strong></span> <span class='ocrx_word' id='word_1_93' title='bbox 785 1586 852 1654; x_wconf 86' lang='lat' dir='ltr'><strong>Sed</strong></span> <span class='ocrx_word' id='word_1_94' title='bbox 874 1610 1041 1677; x_wconf 85' lang='lat' dir='ltr'><strong>nusquam</strong></span> <span class='ocrx_word' id='word_1_95' title='bbox 1057 1587 1148 1677; x_wconf 91' lang='lat' dir='ltr'><strong>apud</strong></span> <span class='ocrx_word' id='word_1_96' title='bbox 1164 1588 1347 1677; x_wconf 82' lang='lat' dir='ltr'><strong>scriptores</strong></span> <span class='ocrx_word' id='word_1_97' title='bbox 1363 1595 1478 1654; x_wconf 80' lang='lat' dir='ltr'><strong>rernm</strong></span> 
     </span>
     <span class='ocr_line' id='line_1_13' title="bbox 248 1694 1478 1788; baseline 0 -27"><span class='ocrx_word' id='word_1_98' title='bbox 248 1695 475 1782; x_wconf 88' lang='lat' dir='ltr'><strong>Anglicarnm</strong></span> <span class='ocrx_word' id='word_1_99' title='bbox 510 1694 639 1782; x_wconf 87' lang='lat' dir='ltr'><strong>legitur</strong></span> <span class='ocrx_word' id='word_1_100' title='bbox 674 1695 714 1762; x_wconf 94' lang='lat' dir='ltr'><strong>de</strong></span> <span class='ocrx_word' id='word_1_101' title='bbox 756 1697 938 1778; x_wconf 83' lang='lat' dir='ltr'><strong>,ridiculo“</strong></span> <span class='ocrx_word' id='word_1_102' title='bbox 976 1697 1121 1788; x_wconf 90' lang='lat' dir='ltr'><strong>quodam</strong></span> <span class='ocrx_word' id='word_1_103' title='bbox 1157 1697 1218 1764; x_wconf 91' lang='lat' dir='ltr'><strong>deo</strong></span> <span class='ocrx_word' id='word_1_104' title='bbox 1243 1695 1350 1779; x_wconf 82' lang='lat' dir='ltr'><strong>Geta,</strong></span> <span class='ocrx_word' id='word_1_105' title='bbox 1388 1694 1478 1786; x_wconf 88' lang='lat' dir='ltr'><strong>qnod</strong></span> 
     </span>
     <span class='ocr_line' id='line_1_14' title="bbox 250 1799 1474 1890; baseline -0.003 -19"><span class='ocrx_word' id='word_1_106' title='bbox 250 1802 457 1871; x_wconf 69' lang='lat' dir='ltr'><strong>adiectiuum</strong></span> <span class='ocrx_word' id='word_1_107' title='bbox 480 1824 522 1868; x_wconf 83' lang='lat' dir='ltr'><strong>ex</strong></span> <span class='ocrx_word' id='word_1_108' title='bbox 544 1802 617 1890; x_wconf 90' lang='lat' dir='ltr'><strong>ipso</strong></span> <span class='ocrx_word' id='word_1_109' title='bbox 634 1799 771 1868; x_wconf 84' lang='lat' dir='ltr'><strong>Sedulio</strong></span> <span class='ocrx_word' id='word_1_110' title='bbox 787 1803 953 1870; x_wconf 87' lang='lat' dir='ltr'><strong>Barthius</strong></span> <span class='ocrx_word' id='word_1_111' title='bbox 970 1803 1031 1871; x_wconf 92' lang='lat' dir='ltr'><strong>deo</strong></span> <span class='ocrx_word' id='word_1_112' title='bbox 1046 1803 1100 1870; x_wconf 93' lang='lat' dir='ltr'><strong>illi</strong></span> <span class='ocrx_word' id='word_1_113' title='bbox 1116 1803 1251 1870; x_wconf 87' lang='lat' dir='ltr'><strong>adiecit.</strong></span> <span class='ocrx_word' id='word_1_114' title='bbox 1275 1803 1474 1871; x_wconf 89' lang='lat' dir='ltr'><strong>Nennius</strong></span> 
     </span>
     <span class='ocr_line' id='line_1_15' title="bbox 250 1906 1474 2001; baseline -0.004 -21"><span class='ocrx_word' id='word_1_115' title='bbox 250 1914 289 2001; x_wconf 85' lang='grc'><strong>(1.</strong></span> <span class='ocrx_word' id='word_1_116' title='bbox 314 1910 409 1998; x_wconf 82' lang='lat' dir='ltr'>VH.)</span> <span class='ocrx_word' id='word_1_117' title='bbox 445 1910 480 1974; x_wconf 90' lang='lat' dir='ltr'><strong>in</strong></span> <span class='ocrx_word' id='word_1_118' title='bbox 514 1906 658 1975; x_wconf 89' lang='lat' dir='ltr'><strong>historia</strong></span> <span class='ocrx_word' id='word_1_119' title='bbox 680 1909 860 1974; x_wconf 90' lang='lat' dir='ltr'><strong>Britonum</strong></span> <span class='ocrx_word' id='word_1_120' title='bbox 896 1909 937 1975; x_wconf 92' lang='lat' dir='ltr'><strong>de</strong></span> <span class='ocrx_word' id='word_1_121' title='bbox 973 1909 1063 1977; x_wconf 78' lang='lat' dir='ltr'><strong>Geta</strong></span> <span class='ocrx_word' id='word_1_122' title='bbox 1096 1914 1218 1975; x_wconf 88' lang='lat' dir='ltr'><strong>narrat</strong></span> <span class='ocrx_word' id='word_1_123' title='bbox 1252 1908 1337 1976; x_wconf 89' lang='lat' dir='ltr'><strong>haec</strong></span> <span class='ocrx_word' id='word_1_124' title='bbox 1367 1913 1395 1997; x_wconf 75' lang='lat'><strong>§.</strong></span> <span class='ocrx_word' id='word_1_125' title='bbox 1415 1914 1474 1998; x_wconf 77' lang='lat' dir='ltr'><strong>al.</strong></span> 
     </span>
     <span class='ocr_line' id='line_1_16' title="bbox 251 2014 1474 2107; baseline -0.009 -18"><span class='ocrx_word' id='word_1_126' title='bbox 251 2023 378 2107; x_wconf 85' lang='lat' dir='ltr'><strong>„Geta,</strong></span> <span class='ocrx_word' id='word_1_127' title='bbox 412 2017 469 2106; x_wconf 92' lang='lat' dir='ltr'><strong>qui</strong></span> <span class='ocrx_word' id='word_1_128' title='bbox 492 2016 578 2100; x_wconf 83' lang='lat' dir='ltr'><strong>fuit,</strong></span> <span class='ocrx_word' id='word_1_129' title='bbox 610 2023 651 2084; x_wconf 93' lang='lat' dir='ltr'><strong>ut</strong></span> <span class='ocrx_word' id='word_1_130' title='bbox 675 2016 789 2099; x_wconf 90' lang='lat' dir='ltr'><strong>aiunt,</strong></span> <span class='ocrx_word' id='word_1_131' title='bbox 813 2017 905 2084; x_wconf 91' lang='lat' dir='ltr'><strong>filius</strong></span> <span class='ocrx_word' id='word_1_132' title='bbox 930 2017 994 2084; x_wconf 92' lang='lat' dir='ltr'><strong>dei.</strong></span> <span class='ocrx_word' id='word_1_133' title='bbox 1031 2017 1108 2086; x_wconf 88' lang='lat' dir='ltr'><strong>Non</strong></span> <span class='ocrx_word' id='word_1_134' title='bbox 1131 2017 1204 2107; x_wconf 89' lang='lat' dir='ltr'><strong>ipse</strong></span> <span class='ocrx_word' id='word_1_135' title='bbox 1228 2017 1313 2084; x_wconf 88' lang='lat' dir='ltr'><strong>deus</strong></span> <span class='ocrx_word' id='word_1_136' title='bbox 1337 2014 1474 2082; x_wconf 89' lang='lat' dir='ltr'><strong>deorum</strong></span> 
     </span>
     <span class='ocr_line' id='line_1_17' title="bbox 249 2127 1477 2213; baseline -0.006 -16"><span class='ocrx_word' id='word_1_137' title='bbox 249 2129 377 2210; x_wconf 88' lang='lat' dir='ltr'><strong>Amen,</strong></span> <span class='ocrx_word' id='word_1_138' title='bbox 403 2130 486 2194; x_wconf 92' lang='lat' dir='ltr'><strong>deus</strong></span> <span class='ocrx_word' id='word_1_139' title='bbox 509 2127 730 2208; x_wconf 81' lang='lat' dir='ltr'><strong>exercituum,</strong></span> <span class='ocrx_word' id='word_1_140' title='bbox 764 2127 933 2194; x_wconf 87' lang='lat' dir='ltr'><strong>sedunus</strong></span> <span class='ocrx_word' id='word_1_141' title='bbox 958 2133 1011 2194; x_wconf 91' lang='lat' dir='ltr'><strong>est</strong></span> <span class='ocrx_word' id='word_1_142' title='bbox 1033 2129 1075 2194; x_wconf 94' lang='lat' dir='ltr'><strong>ab</strong></span> <span class='ocrx_word' id='word_1_143' title='bbox 1100 2127 1200 2194; x_wconf 89' lang='lat' dir='ltr'><strong>idolis</strong></span> <span class='ocrx_word' id='word_1_144' title='bbox 1226 2149 1357 2209; x_wconf 91' lang='lat' dir='ltr'><strong>eorum,</strong></span> <span class='ocrx_word' id='word_1_145' title='bbox 1390 2145 1477 2213; x_wconf 90' lang='lat' dir='ltr'><strong>quae</strong></span> 
     </span>
     <span class='ocr_line' id='line_1_18' title="bbox 249 2232 1477 2329; baseline -0.007 -22"><span class='ocrx_word' id='word_1_146' title='bbox 249 2239 316 2329; x_wconf 87' lang='lat' dir='ltr'><strong>ipsi</strong></span> <span class='ocrx_word' id='word_1_147' title='bbox 350 2235 537 2306; x_wconf 83' lang='lat' dir='ltr'><strong>colebant.“</strong></span> <span class='ocrx_word' id='word_1_148' title='bbox 584 2233 633 2299; x_wconf 86' lang='lat' dir='ltr'><strong>Et</strong></span> <span class='ocrx_word' id='word_1_149' title='bbox 667 2233 702 2300; x_wconf 90' lang='lat' dir='ltr'><strong>in</strong></span> <span class='ocrx_word' id='word_1_150' title='bbox 733 2233 950 2321; x_wconf 72' lang='lat' dir='ltr'><strong>genealogie,</strong></span> <span class='ocrx_word' id='word_1_151' title='bbox 987 2256 1088 2323; x_wconf 90' lang='lat' dir='ltr'><strong>quam</strong></span> <span class='ocrx_word' id='word_1_152' title='bbox 1123 2233 1238 2323; x_wconf 87' lang='lat' dir='ltr'><strong>prodit</strong></span> <span class='ocrx_word' id='word_1_153' title='bbox 1262 2232 1477 2299; x_wconf 87' lang='lat' dir='ltr'><strong>Asserius</strong></span> 
     </span>
     <span class='ocr_line' id='line_1_19' title="bbox 249 2340 1474 2432; baseline -0.005 -20"><span class='ocrx_word' id='word_1_154' title='bbox 249 2345 532 2412; x_wconf 87' lang='lat' dir='ltr'><strong>Menevensis</strong></span> <span class='ocrx_word' id='word_1_155' title='bbox 568 2343 625 2432; x_wconf 89' lang='lat' dir='ltr'><strong>(de</strong></span> <span class='ocrx_word' id='word_1_156' title='bbox 655 2345 757 2411; x_wconf 90' lang='lat' dir='ltr'><strong>rebus</strong></span> <span class='ocrx_word' id='word_1_157' title='bbox 788 2344 895 2430; x_wconf 83' lang='lat' dir='ltr'><strong>gestis</strong></span> <span class='ocrx_word' id='word_1_158' title='bbox 930 2343 1104 2426; x_wconf 77' lang='lat' dir='ltr'><strong>Aelfreffi,</strong></span> <span class='ocrx_word' id='word_1_159' title='bbox 1141 2365 1206 2412; x_wconf 89' lang='lat' dir='ltr'><strong>reo.</strong></span> <span class='ocrx_word' id='word_1_160' title='bbox 1231 2342 1270 2412; x_wconf 84' lang='grc' dir='ltr'><strong>Τ.</strong></span> <span class='ocrx_word' id='word_1_161' title='bbox 1295 2341 1392 2409; x_wconf 86' lang='lat' dir='ltr'><strong>Wise</strong></span> <span class='ocrx_word' id='word_1_162' title='bbox 1415 2340 1474 2408; x_wconf 87' lang='lat' dir='ltr'><strong>Ox.</strong></span> 
     </span>
     <span class='ocr_line' id='line_1_20' title="bbox 253 2447 1474 2539; baseline -0.002 -20"><span class='ocrx_word' id='word_1_163' title='bbox 253 2452 349 2519; x_wconf 79' lang='lat'>1722.</span> <span class='ocrx_word' id='word_1_164' title='bbox 374 2475 406 2539; x_wconf 91' lang='lat' dir='ltr'><strong>p.</strong></span> <span class='ocrx_word' id='word_1_165' title='bbox 434 2453 476 2534; x_wconf 92' lang='lat'><strong>1.)</strong></span> <span class='ocrx_word' id='word_1_166' title='bbox 500 2450 662 2537; x_wconf 86' lang='lat' dir='ltr'><strong>legimus:</strong></span> <span class='ocrx_word' id='word_1_167' title='bbox 704 2448 876 2531; x_wconf 82' lang='lat' dir='ltr'><strong>,Aelfrid,</strong></span> <span class='ocrx_word' id='word_1_168' title='bbox 901 2471 961 2515; x_wconf 86' lang='lat' dir='ltr'><strong>rex</strong></span> <span class='ocrx_word' id='word_1_169' title='bbox 992 2448 1085 2518; x_wconf 90' lang='lat' dir='ltr'><strong>filius</strong></span> <span class='ocrx_word' id='word_1_170' title='bbox 1116 2447 1338 2516; x_wconf 87' lang='lat' dir='ltr'><strong>Aethelwnlfi</strong></span> <span class='ocrx_word' id='word_1_171' title='bbox 1372 2449 1474 2537; x_wconf 89' lang='lat' dir='ltr'><strong>regis,</strong></span> 
     </span>
     <span class='ocr_line' id='line_1_21' title="bbox 250 2554 1475 2649; baseline -0.002 -25"><span class='ocrx_word' id='word_1_172' title='bbox 250 2559 308 2649; x_wconf 90' lang='lat' dir='ltr'><strong>qui</strong></span> <span class='ocrx_word' id='word_1_173' title='bbox 332 2558 399 2625; x_wconf 85' lang='lat' dir='ltr'><strong>fuit</strong></span> <span class='ocrx_word' id='word_1_174' title='bbox 414 2557 600 2644; x_wconf 85' lang='lat' dir='ltr'><strong>Egberthi,</strong></span> <span class='ocrx_word' id='word_1_175' title='bbox 625 2555 683 2645; x_wconf 91' lang='lat' dir='ltr'><strong>qui</strong></span> <span class='ocrx_word' id='word_1_176' title='bbox 698 2556 766 2623; x_wconf 86' lang='lat' dir='ltr'><strong>fuit</strong></span> <span class='ocrx_word' id='word_1_177' title='bbox 781 2554 1004 2639; x_wconf 85' lang='lat' dir='ltr'><strong>Ealhmundi,</strong></span> <span class='ocrx_word' id='word_1_178' title='bbox 1030 2555 1089 2646; x_wconf 93' lang='lat' dir='ltr'><strong>qui</strong></span> <span class='ocrx_word' id='word_1_179' title='bbox 1111 2555 1178 2622; x_wconf 83' lang='lat' dir='ltr'><strong>fuit</strong></span> <span class='ocrx_word' id='word_1_180' title='bbox 1194 2555 1300 2636; x_wconf 87' lang='lat' dir='ltr'><strong>Eafa,</strong></span> <span class='ocrx_word' id='word_1_181' title='bbox 1326 2556 1384 2645; x_wconf 91' lang='lat' dir='ltr'><strong>qni</strong></span> <span class='ocrx_word' id='word_1_182' title='bbox 1407 2556 1475 2622; x_wconf 84' lang='lat' dir='ltr'><strong>fnit</strong></span> 
     </span>
     <span class='ocr_line' id='line_1_22' title="bbox 250 2663 1477 2754; baseline -0.002 -22"><span class='ocrx_word' id='word_1_183' title='bbox 250 2666 398 2748; x_wconf 83' lang='lat' dir='ltr'><strong>Eowwa,</strong></span> <span class='ocrx_word' id='word_1_184' title='bbox 423 2667 482 2754; x_wconf 91' lang='lat' dir='ltr'><strong>qui</strong></span> <span class='ocrx_word' id='word_1_185' title='bbox 504 2665 572 2733; x_wconf 86' lang='lat' dir='ltr'><strong>fuit</strong></span> <span class='ocrx_word' id='word_1_186' title='bbox 595 2664 712 2752; x_wconf 82' lang='lat' dir='ltr'><strong>Ingild</strong></span> <span class='ocrx_word' id='word_1_187' title='bbox 737 2665 960 2733; x_wconf 65' lang='grc'><strong>11111...</strong></span> <span class='ocrx_word' id='word_1_188' title='bbox 985 2666 1043 2754; x_wconf 91' lang='lat' dir='ltr'><strong>qui</strong></span> <span class='ocrx_word' id='word_1_189' title='bbox 1066 2664 1133 2731; x_wconf 85' lang='lat' dir='ltr'><strong>fuit</strong></span> <span class='ocrx_word' id='word_1_190' title='bbox 1158 2663 1385 2745; x_wconf 84' lang='lat' dir='ltr'><strong>Trithuwulf,</strong></span> <span class='ocrx_word' id='word_1_191' title='bbox 1420 2664 1477 2753; x_wconf 89' lang='lat' dir='ltr'><strong>qui</strong></span> 
     </span>
     <span class='ocr_line' id='line_1_23' title="bbox 248 2771 1477 2862; baseline -0.002 -24"><span class='ocrx_word' id='word_1_192' title='bbox 248 2774 317 2840; x_wconf 85' lang='lat' dir='ltr'><strong>fuit</strong></span> <span class='ocrx_word' id='word_1_193' title='bbox 355 2771 591 2860; x_wconf 82' lang='lat' dir='ltr'><strong>Fingodwulf,</strong></span> <span class='ocrx_word' id='word_1_194' title='bbox 626 2771 684 2860; x_wconf 89' lang='lat' dir='ltr'><strong>qui</strong></span> <span class='ocrx_word' id='word_1_195' title='bbox 718 2771 786 2838; x_wconf 87' lang='lat' dir='ltr'><strong>fuit</strong></span> <span class='ocrx_word' id='word_1_196' title='bbox 822 2771 950 2853; x_wconf 83' lang='lat' dir='ltr'><strong>Gesta,</strong></span> <span class='ocrx_word' id='word_1_197' title='bbox 992 2793 1090 2862; x_wconf 93' lang='lat' dir='ltr'><strong>quem</strong></span> <span class='ocrx_word' id='word_1_198' title='bbox 1126 2773 1249 2839; x_wconf 87' lang='lat' dir='ltr'><strong>Getam</strong></span> <span class='ocrx_word' id='word_1_199' title='bbox 1283 2771 1477 2838; x_wconf 89' lang='lat' dir='ltr'><strong>iamdudum</strong></span> 
     </span>
     <span class='ocr_line' id='line_1_24' title="bbox 246 2878 1476 2970; baseline -0.002 -23"><span class='ocrx_word' id='word_1_200' title='bbox 246 2881 373 2969; x_wconf 89' lang='lat' dir='ltr'><strong>pagani</strong></span> <span class='ocrx_word' id='word_1_201' title='bbox 397 2903 458 2968; x_wconf 90' lang='lat' dir='ltr'><strong>pro</strong></span> <span class='ocrx_word' id='word_1_202' title='bbox 483 2883 544 2948; x_wconf 91' lang='lat' dir='ltr'><strong>deo</strong></span> <span class='ocrx_word' id='word_1_203' title='bbox 566 2882 834 2947; x_wconf 82' lang='lat' dir='ltr'><strong>venerabantur:</strong></span> <span class='ocrx_word' id='word_1_204' title='bbox 873 2882 982 2970; x_wconf 88' lang='lat' dir='ltr'><strong>(cuius</strong></span> <span class='ocrx_word' id='word_1_205' title='bbox 1015 2879 1175 2948; x_wconf 85' lang='lat' dir='ltr'><strong>Sedulins</strong></span> <span class='ocrx_word' id='word_1_206' title='bbox 1205 2887 1307 2969; x_wconf 89' lang='lat' dir='ltr'><strong>poeta</strong></span> <span class='ocrx_word' id='word_1_207' title='bbox 1339 2878 1476 2946; x_wconf 90' lang='lat' dir='ltr'><strong>mentio-</strong></span> 
     </span>
     <span class='ocr_line' id='line_1_25' title="bbox 246 2985 1476 3075; baseline -0.002 -22"><span class='ocrx_word' id='word_1_208' title='bbox 246 3010 321 3054; x_wconf 89' lang='lat' dir='ltr'><strong>nem</strong></span> <span class='ocrx_word' id='word_1_209' title='bbox 352 2986 434 3054; x_wconf 84' lang='lat' dir='ltr'><strong>fecit</strong></span> <span class='ocrx_word' id='word_1_210' title='bbox 464 2987 499 3052; x_wconf 91' lang='lat' dir='ltr'><strong>in</strong></span> <span class='ocrx_word' id='word_1_211' title='bbox 530 2985 684 3075; x_wconf 91' lang='lat' dir='ltr'><strong>paschali</strong></span> <span class='ocrx_word' id='word_1_212' title='bbox 714 2986 853 3054; x_wconf 89' lang='lat' dir='ltr'><strong>metrico</strong></span> <span class='ocrx_word' id='word_1_213' title='bbox 885 2989 1030 3055; x_wconf 89' lang='lat' dir='ltr'><strong>carmine</strong></span> <span class='ocrx_word' id='word_1_214' title='bbox 1061 2989 1113 3055; x_wconf 89' lang='lat' dir='ltr'><strong>ita</strong></span> <span class='ocrx_word' id='word_1_215' title='bbox 1136 2988 1265 3054; x_wconf 89' lang='lat' dir='ltr'><strong>dicens:</strong></span> <span class='ocrx_word' id='word_1_216' title='bbox 1299 2985 1383 3052; x_wconf 86' lang='lat' dir='ltr'><strong>Cum</strong></span> <span class='ocrx_word' id='word_1_217' title='bbox 1415 3007 1476 3053; x_wconf 90' lang='lat' dir='ltr'><strong>sua</strong></span> 
     </span>
     <span class='ocr_line' id='line_1_26' title="bbox 246 3095 1474 3187; baseline 0 -25"><span class='ocrx_word' id='word_1_218' title='bbox 246 3095 392 3183; x_wconf 87' lang='lat' dir='ltr'><strong>gentiles</strong></span> <span class='ocrx_word' id='word_1_219' title='bbox 416 3095 577 3163; x_wconf 87' lang='lat' dir='ltr'><strong>studeant</strong></span> <span class='ocrx_word' id='word_1_220' title='bbox 600 3096 761 3183; x_wconf 87' lang='lat' dir='ltr'><strong>figmenta</strong></span> <span class='ocrx_word' id='word_1_221' title='bbox 784 3103 904 3185; x_wconf 90' lang='lat' dir='ltr'><strong>poetae</strong></span> <span class='ocrx_word' id='word_1_222' title='bbox 929 3098 1152 3167; x_wconf 78' lang='lat' dir='ltr'><strong>Grandisonis</strong></span> <span class='ocrx_word' id='word_1_223' title='bbox 1185 3120 1344 3187; x_wconf 87' lang='lat' dir='ltr'><strong>pompare</strong></span> <span class='ocrx_word' id='word_1_224' title='bbox 1368 3095 1474 3162; x_wconf 92' lang='lat' dir='ltr'><strong>modis</strong></span> 
     </span>
     <span class='ocr_line' id='line_1_27' title="bbox 246 3202 1474 3294; baseline 0.004 -27"><span class='ocrx_word' id='word_1_225' title='bbox 246 3202 445 3292; x_wconf 86' lang='lat' dir='ltr'><strong>tragicoque</strong></span> <span class='ocrx_word' id='word_1_226' title='bbox 474 3205 581 3270; x_wconf 91' lang='lat' dir='ltr'><strong>boatu</strong></span> <span class='ocrx_word' id='word_1_227' title='bbox 604 3202 956 3271; x_wconf 72' lang='grc'><strong>1111111110111111111</strong></span> <span class='ocrx_word' id='word_1_228' title='bbox 983 3211 1018 3271; x_wconf 90' lang='lat' dir='ltr'><strong>et</strong></span> <span class='ocrx_word' id='word_1_229' title='bbox 1043 3229 1073 3294; x_wconf 91' lang='lat' dir='ltr'><strong>q.</strong></span> <span class='ocrx_word' id='word_1_230' title='bbox 1098 3227 1124 3271; x_wconf 91' lang='lat' dir='ltr'><strong>s.</strong></span> <span class='ocrx_word' id='word_1_231' title='bbox 1163 3206 1337 3294; x_wconf 90' lang='lat' dir='ltr'><strong>usquead</strong></span> <span class='ocrx_word' id='word_1_232' title='bbox 1361 3229 1392 3271; x_wconf 90' lang='lat' dir='ltr'><strong>v.</strong></span> <span class='ocrx_word' id='word_1_233' title='bbox 1423 3209 1474 3272; x_wconf 83' lang='grc'><strong>26.</strong></span> 
     </span>
     <span class='ocr_line' id='line_1_28' title="bbox 246 3305 1476 3401; baseline 0.006 -29"><span class='ocrx_word' id='word_1_234' title='bbox 246 3305 374 3373; x_wconf 85' lang='lat' dir='ltr'><strong>Eadem</strong></span> <span class='ocrx_word' id='word_1_235' title='bbox 406 3307 525 3374; x_wconf 89' lang='lat' dir='ltr'><strong>iisdem</strong></span> <span class='ocrx_word' id='word_1_236' title='bbox 555 3309 669 3376; x_wconf 86' lang='lat' dir='ltr'><strong>verbis</strong></span> <span class='ocrx_word' id='word_1_237' title='bbox 700 3307 740 3375; x_wconf 90' lang='lat' dir='ltr'><strong>de</strong></span> <span class='ocrx_word' id='word_1_238' title='bbox 768 3309 857 3376; x_wconf 83' lang='lat' dir='ltr'><strong>Geta</strong></span> <span class='ocrx_word' id='word_1_239' title='bbox 889 3317 1032 3378; x_wconf 89' lang='lat' dir='ltr'><strong>narrant</strong></span> <span class='ocrx_word' id='word_1_240' title='bbox 1062 3310 1212 3378; x_wconf 83' lang='lat' dir='ltr'><strong>Joannes</strong></span> <span class='ocrx_word' id='word_1_241' title='bbox 1244 3311 1476 3401; x_wconf 87' lang='lat' dir='ltr'><strong>Wallingford</strong></span> 
     </span>
     <span class='ocr_line' id='line_1_29' title="bbox 248 3417 1473 3512; baseline 0.002 -30"><span class='ocrx_word' id='word_1_242' title='bbox 248 3417 300 3502; x_wconf 85' lang='lat' dir='ltr'><strong>(de</strong></span> <span class='ocrx_word' id='word_1_243' title='bbox 323 3417 467 3485; x_wconf 84' lang='lat' dir='ltr'><strong>Alfredo</strong></span> <span class='ocrx_word' id='word_1_244' title='bbox 490 3419 598 3507; x_wconf 90' lang='lat' dir='ltr'><strong>primo</strong></span> <span class='ocrx_word' id='word_1_245' title='bbox 622 3422 812 3503; x_wconf 88' lang='lat' dir='ltr'><strong>monarcha,</strong></span> <span class='ocrx_word' id='word_1_246' title='bbox 838 3445 891 3510; x_wconf 91' lang='lat' dir='ltr'><strong>ap.</strong></span> <span class='ocrx_word' id='word_1_247' title='bbox 917 3422 1003 3490; x_wconf 84' lang='lat' dir='ltr'><strong>Gale</strong></span> <span class='ocrx_word' id='word_1_248' title='bbox 1026 3422 1054 3505; x_wconf 85' lang='lat'><strong>1,</strong></span> <span class='ocrx_word' id='word_1_249' title='bbox 1078 3448 1111 3512; x_wconf 92' lang='lat' dir='ltr'><strong>p.</strong></span> <span class='ocrx_word' id='word_1_250' title='bbox 1136 3426 1234 3508; x_wconf 68' lang='lat'><strong>535),</strong></span> <span class='ocrx_word' id='word_1_251' title='bbox 1266 3421 1473 3502; x_wconf 85' lang='lat' dir='ltr'><strong>Florentius,</strong></span> 
     </span>
     <span class='ocr_line' id='line_1_30' title="bbox 248 3524 1475 3611; baseline 0.002 -20"><span class='ocrx_word' id='word_1_252' title='bbox 248 3524 383 3592; x_wconf 85' lang='lat' dir='ltr'><strong>Simeon</strong></span> <span class='ocrx_word' id='word_1_253' title='bbox 419 3527 528 3608; x_wconf 85' lang='lat' dir='ltr'><strong>Dum,</strong></span> <span class='ocrx_word' id='word_1_254' title='bbox 562 3526 760 3594; x_wconf 88' lang='lat' dir='ltr'><strong>Matthaeus</strong></span> <span class='ocrx_word' id='word_1_255' title='bbox 783 3527 1157 3596; x_wconf 87' lang='lat' dir='ltr'><strong>Westmonasteriensis</strong></span> <span class='ocrx_word' id='word_1_256' title='bbox 1193 3529 1344 3611; x_wconf 80' lang='lat' dir='ltr'><strong>(addito:</strong></span> <span class='ocrx_word' id='word_1_257' title='bbox 1381 3527 1475 3596; x_wconf 91' lang='lat' dir='ltr'><strong>cuius</strong></span> 
     </span>
     <span class='ocr_line' id='line_1_31' title="bbox 248 3632 1475 3728; baseline 0.003 -30"><span class='ocrx_word' id='word_1_258' title='bbox 248 3632 406 3699; x_wconf 84' lang='lat' dir='ltr'><strong>Sedulius</strong></span> <span class='ocrx_word' id='word_1_259' title='bbox 438 3640 568 3722; x_wconf 90' lang='lat' dir='ltr'><strong>poeta</strong></span> <span class='ocrx_word' id='word_1_260' title='bbox 601 3637 804 3718; x_wconf 86' lang='lat' dir='ltr'><strong>eximius,</strong></span> <span class='ocrx_word' id='word_1_261' title='bbox 839 3638 875 3704; x_wconf 91' lang='lat' dir='ltr'><strong>in</strong></span> <span class='ocrx_word' id='word_1_262' title='bbox 910 3639 1064 3728; x_wconf 89' lang='lat' dir='ltr'><strong>paschali</strong></span> <span class='ocrx_word' id='word_1_263' title='bbox 1096 3640 1244 3706; x_wconf 86' lang='lat' dir='ltr'><strong>carmine</strong></span> <span class='ocrx_word' id='word_1_264' title='bbox 1274 3638 1475 3705; x_wconf 87' lang='lat' dir='ltr'><strong>mentionem</strong></span> 
     </span>
     <span class='ocr_line' id='line_1_32' title="bbox 246 3737 1474 3831; baseline 0.005 -28"><span class='ocrx_word' id='word_1_265' title='bbox 246 3737 384 3820; x_wconf 70' lang='lat' dir='ltr'><strong>faciens</strong></span> <span class='ocrx_word' id='word_1_266' title='bbox 410 3762 547 3807; x_wconf 84' lang='lat' dir='ltr'><strong>exorsus</strong></span> <span class='ocrx_word' id='word_1_267' title='bbox 572 3747 625 3808; x_wconf 91' lang='lat' dir='ltr'><strong>est</strong></span> <span class='ocrx_word' id='word_1_268' title='bbox 649 3764 675 3810; x_wconf 90' lang='lat' dir='ltr'><strong>e.</strong></span> <span class='ocrx_word' id='word_1_269' title='bbox 692 3766 722 3831; x_wconf 89' lang='lat' dir='ltr'><strong>q.</strong></span> <span class='ocrx_word' id='word_1_270' title='bbox 741 3742 801 3830; x_wconf 82' lang='lat' dir='ltr'><strong>s.);</strong></span> <span class='ocrx_word' id='word_1_271' title='bbox 828 3743 943 3809; x_wconf 89' lang='lat' dir='ltr'><strong>eadem</strong></span> <span class='ocrx_word' id='word_1_272' title='bbox 959 3744 1075 3810; x_wconf 90' lang='lat' dir='ltr'><strong>insunt</strong></span> <span class='ocrx_word' id='word_1_273' title='bbox 1091 3745 1125 3809; x_wconf 93' lang='lat' dir='ltr'><strong>in</strong></span> <span class='ocrx_word' id='word_1_274' title='bbox 1142 3745 1342 3831; x_wconf 85' lang='lat' dir='ltr'><strong>genealogia</strong></span> <span class='ocrx_word' id='word_1_275' title='bbox 1359 3745 1474 3831; x_wconf 90' lang='lat' dir='ltr'><strong>anglo·</strong></span> 
     </span>
     <span class='ocr_line' id='line_1_33' title="bbox 247 3848 1475 3939; baseline 0.002 -27"><span class='ocrx_word' id='word_1_276' title='bbox 247 3848 406 3913; x_wconf 86' lang='lat' dir='ltr'><strong>saxonica</strong></span> <span class='ocrx_word' id='word_1_277' title='bbox 431 3849 483 3934; x_wconf 80' lang='lat' dir='ltr'><strong>(cf.</strong></span> <span class='ocrx_word' id='word_1_278' title='bbox 501 3849 654 3932; x_wconf 86' lang='lat' dir='ltr'><strong>Komble,</strong></span> <span class='ocrx_word' id='word_1_279' title='bbox 674 3850 795 3937; x_wconf 81' lang='lat' dir='ltr'><strong>Socha.</strong></span> <span class='ocrx_word' id='word_1_280' title='bbox 813 3853 840 3934; x_wconf 89' lang='lat' dir='ltr'><strong>l,</strong></span> <span class='ocrx_word' id='word_1_281' title='bbox 867 3855 956 3935; x_wconf 80' lang='lat'>370).</span> <span class='ocrx_word' id='word_1_282' title='bbox 998 3852 1090 3939; x_wconf 86' lang='lat' dir='ltr'><strong>Ergo</strong></span> <span class='ocrx_word' id='word_1_283' title='bbox 1116 3853 1156 3918; x_wconf 91' lang='lat' dir='ltr'><strong>de</strong></span> <span class='ocrx_word' id='word_1_284' title='bbox 1184 3853 1366 3930; x_wconf 80' lang='lat' dir='ltr'><strong>,ridiculo“</strong></span> <span class='ocrx_word' id='word_1_285' title='bbox 1386 3852 1475 3919; x_wconf 85' lang='lat' dir='ltr'><strong>Geta</strong></span> 
     </span>
     <span class='ocr_line' id='line_1_34' title="bbox 246 3952 1474 4055; baseline 0.004 -37"><span class='ocrx_word' id='word_1_286' title='bbox 246 3952 332 4018; x_wconf 90' lang='lat' dir='ltr'><strong>nihil</strong></span> <span class='ocrx_word' id='word_1_287' title='bbox 354 3954 499 4042; x_wconf 89' lang='lat' dir='ltr'><strong>legimus</strong></span> <span class='ocrx_word' id='word_1_288' title='bbox 523 3963 574 4038; x_wconf 91' lang='lat' dir='ltr'><strong>et,</strong></span> <span class='ocrx_word' id='word_1_289' title='bbox 607 3957 637 4023; x_wconf 90' lang='lat' dir='ltr'><strong>si</strong></span> <span class='ocrx_word' id='word_1_290' title='bbox 659 3964 760 4055; x_wconf 85' lang='lat' dir='ltr'><strong>poeta</strong></span> <span class='ocrx_word' id='word_1_291' title='bbox 784 3963 958 4025; x_wconf 90' lang='lat' dir='ltr'><strong>vetustum</strong></span> <span class='ocrx_word' id='word_1_292' title='bbox 981 3958 1078 4024; x_wconf 92' lang='lat' dir='ltr'><strong>illum</strong></span> <span class='ocrx_word' id='word_1_293' title='bbox 1100 3958 1344 4025; x_wconf 89' lang='lat' dir='ltr'><strong>Britannorum</strong></span> <span class='ocrx_word' id='word_1_294' title='bbox 1376 3960 1474 4025; x_wconf 89' lang='lat' dir='ltr'><strong>deum</strong></span> 
     </span>
    </p>
   </div>
   <div class='ocr_carea' id='block_1_10' title="bbox 247 4174 1474 4693">
    <p class='ocr_par' dir='ltr' id='par_1_10' title="bbox 247 4174 1474 4693">
     <span class='ocr_line' id='line_1_35' title="bbox 357 4174 1474 4249; baseline 0.013 -24"><span class='ocrx_word' id='word_1_295' title='bbox 357 4174 374 4241; x_wconf 88' lang='lat'><strong>¹)</strong></span> <span class='ocrx_word' id='word_1_296' title='bbox 394 4176 425 4225; x_wconf 95' lang='lat' dir='ltr'><strong>In</strong></span> <span class='ocrx_word' id='word_1_297' title='bbox 444 4178 533 4226; x_wconf 87' lang='lat' dir='ltr'><strong>vetere</strong></span> <span class='ocrx_word' id='word_1_298' title='bbox 554 4176 666 4239; x_wconf 88' lang='lat' dir='ltr'><strong>quodam</strong></span> <span class='ocrx_word' id='word_1_299' title='bbox 687 4178 816 4242; x_wconf 85' lang='lat' dir='ltr'><strong>glossario</strong></span> <span class='ocrx_word' id='word_1_300' title='bbox 844 4178 916 4230; x_wconf 87' lang='lat' dir='ltr'><strong>edito</strong></span> <span class='ocrx_word' id='word_1_301' title='bbox 944 4181 977 4231; x_wconf 90' lang='lat' dir='ltr'><strong>ab</strong></span> <span class='ocrx_word' id='word_1_302' title='bbox 1005 4179 1036 4232; x_wconf 77' lang='lat' dir='ltr'><strong>A.</strong></span> <span class='ocrx_word' id='word_1_303' title='bbox 1064 4181 1126 4233; x_wconf 88' lang='lat' dir='ltr'><strong>Mai.</strong></span> <span class='ocrx_word' id='word_1_304' title='bbox 1156 4185 1223 4234; x_wconf 87' lang='lat' dir='ltr'><strong>auct.</strong></span> <span class='ocrx_word' id='word_1_305' title='bbox 1252 4183 1283 4233; x_wconf 91' lang='lat' dir='ltr'><strong>cl.</strong></span> <span class='ocrx_word' id='word_1_306' title='bbox 1311 4185 1357 4235; x_wconf 92' lang='lat' dir='ltr'><strong>VI.</strong></span> <span class='ocrx_word' id='word_1_307' title='bbox 1376 4200 1401 4249; x_wconf 90' lang='lat' dir='ltr'><strong>p.</strong></span> <span class='ocrx_word' id='word_1_308' title='bbox 1422 4183 1474 4240; x_wconf 83' lang='lat'><strong>525</strong></span> 
     </span>
     <span class='ocr_line' id='line_1_36' title="bbox 247 4267 1007 4330; baseline 0.007 -13"><span class='ocrx_word' id='word_1_309' title='bbox 247 4271 287 4317; x_wconf 85' lang='lat' dir='ltr'><strong>est</strong></span> <span class='ocrx_word' id='word_1_310' title='bbox 306 4267 409 4330; x_wconf 84' lang='lat' dir='ltr'><strong>glossa:</strong></span> <span class='ocrx_word' id='word_1_311' title='bbox 1003 4313 1007 4322; x_wconf 91' lang='lat'><em>.</em></span> 
     </span>
     <span class='ocr_line' id='line_1_37' title="bbox 695 4357 1018 4422; baseline 0 -14"><span class='ocrx_word' id='word_1_312' title='bbox 695 4358 775 4409; x_wconf 83' lang='lat' dir='ltr'><strong>Geta:</strong></span> <span class='ocrx_word' id='word_1_313' title='bbox 795 4357 897 4409; x_wconf 83' lang='lat' dir='ltr'><strong>Gothus</strong></span> <span class='ocrx_word' id='word_1_314' title='bbox 917 4358 1018 4422; x_wconf 88' lang='lat' dir='ltr'><strong>peritus</strong></span> 
     </span>
     <span class='ocr_line' id='line_1_38' title="bbox 538 4445 927 4520; baseline -0.01 -22"><span class='ocrx_word' id='word_1_315' title='bbox 538 4513 542 4520; x_wconf 25' lang='grc' dir='ltr'>ι</span> <span class='ocrx_word' id='word_1_316' title='bbox 693 4446 788 4498; x_wconf 83' lang='lat' dir='ltr'><strong>Getae:</strong></span> <span class='ocrx_word' id='word_1_317' title='bbox 808 4445 888 4498; x_wconf 84' lang='lat' dir='ltr'><strong>Gothi</strong></span> <span class='ocrx_word' id='word_1_318' title='bbox 924 4491 927 4495; x_wconf 84' lang='lat'>.</span> 
     </span>
     <span class='ocr_line' id='line_1_39' title="bbox 251 4535 1409 4608; baseline 0.006 -20"><span class='ocrx_word' id='word_1_319' title='bbox 251 4540 278 4588; x_wconf 87' lang='lat' dir='ltr'><strong>ot</strong></span> <span class='ocrx_word' id='word_1_320' title='bbox 296 4539 324 4588; x_wconf 91' lang='lat' dir='ltr'><strong>in</strong></span> <span class='ocrx_word' id='word_1_321' title='bbox 344 4537 401 4590; x_wconf 90' lang='lat' dir='ltr'><strong>cod.</strong></span> <span class='ocrx_word' id='word_1_322' title='bbox 422 4538 503 4593; x_wconf 86' lang='lat' dir='ltr'><strong>Vind.</strong></span> <span class='ocrx_word' id='word_1_323' title='bbox 523 4535 601 4602; x_wconf 76' lang='lat'><strong>2171,</strong></span> <span class='ocrx_word' id='word_1_324' title='bbox 622 4539 668 4602; x_wconf 87' lang='lat' dir='ltr'><strong>qui</strong></span> <span class='ocrx_word' id='word_1_325' title='bbox 689 4539 792 4602; x_wconf 86' lang='lat' dir='ltr'><strong>„glosas</strong></span> <span class='ocrx_word' id='word_1_326' title='bbox 813 4539 845 4589; x_wconf 90' lang='lat' dir='ltr'><strong>de</strong></span> <span class='ocrx_word' id='word_1_327' title='bbox 864 4540 1004 4591; x_wconf 83' lang='lat' dir='ltr'><strong>verborum</strong></span> <span class='ocrx_word' id='word_1_328' title='bbox 1023 4539 1141 4592; x_wconf 85' lang='lat' dir='ltr'><strong>Sedulii“</strong></span> <span class='ocrx_word' id='word_1_329' title='bbox 1165 4543 1291 4608; x_wconf 87' lang='lat' dir='ltr'><strong>continet,</strong></span> <span class='ocrx_word' id='word_1_330' title='bbox 1311 4544 1409 4607; x_wconf 82' lang='lat' dir='ltr'><strong>legitur</strong></span> 
     </span>
     <span class='ocr_line' id='line_1_40' title="bbox 693 4628 867 4693; baseline -0.011 -13"><span class='ocrx_word' id='word_1_331' title='bbox 693 4628 764 4693; x_wconf 77' lang='lat' dir='ltr'><strong>gdoa:</strong></span> <span class='ocrx_word' id='word_1_332' title='bbox 785 4629 867 4693; x_wconf 84' lang='lat' dir='ltr'><strong>gothi.</strong></span> 
     </span>
    </p>
   </div>
   <div class='ocr_carea' id='block_1_11' title="bbox 0 0 1602 5196">
    <p class='ocr_par' dir='ltr' id='par_1_11' title="bbox 0 0 1602 5196">
     <span class='ocr_line' id='line_1_41' title="bbox 0 0 1602 5196; baseline 0 0"><span class='ocrx_word' id='word_1_333' title='bbox 0 0 1602 5196; x_wconf 95' lang='lat' dir='ltr'><strong> </strong></span> 
     </span>
    </p>
   </div>
  </div>
 </body>
</html>
