3272 5200
676 322 900 386 „55-

282 499 495 566 Claudius
546 497 836 563 'laurinensis
883 495 1077 582 episcopus,
1126 501 1252 582 quaest.
1300 493 1399 560 XXX

175 631 275 698 super
298 609 402 675 libros
426 631 553 695 regum,
578 608 636 673 lib.
661 605 721 672 IV.
748 605 865 693 (lllign.
889 612 915 672 t.
944 609 1007 672 104
1030 629 1062 692 p.
1089 608 1167 689 805)

287 713 353 797 „Ut
384 714 471 780 enim
502 713 609 780 eidem
640 734 758 778 currus
790 717 824 776 et
854 733 955 799 equos
988 711 1144 777 tribuant
1167 711 1206 776 de
1237 711 1398 779 miraculo

174 831 344 912 sumptum
367 821 467 888 Eliae
490 821 693 909 prophetae,
730 821 810 907 quia
846 842 948 886 curru
981 819 1078 906 igneo
1116 829 1150 886 et
1174 820 1268 908 equis
1291 819 1399 907 igneis

172 937 225 995 est
245 936 367 1016 raptus
393 928 437 993 ad
459 927 602 1007 coelum,
627 925 794 992 Iohannes
808 924 1208 1013 Constantinopolitanae
1227 926 1400 1016 episcopus

174 1039 351 1117 aestimat,
396 1036 476 1126 quia
511 1035 597 1101 enim
631 1057 751 1121 graece
785 1037 864 1109 ἥλιος
899 1034 1024 1100 dieitur
1060 1033 1125 1114 sel,
1174 1035 1262 1101 sicut
1301 1032 1402 1098 etiam

174 1146 404 1225 Seelulius‚
442 1167 516 1210 cum
541 1144 581 1209 de
605 1144 725 1210 Heliae
750 1166 891 1210 ascensu
916 1150 1067 1226 caneret,
1101 1141 1251 1209 ostendit
1274 1139 1401 1206 dicens:

340 1253 441 1330 Quam
464 1253 537 1316 leue
553 1252 711 1337 fulminei
735 1252 922 1336 praelucens
945 1253 1054 1315 semita
1086 1250 1175 1314 caeli.
1193 1298 1200 1312 .
1220 1299 1226 1313 .
1246 1253 1277 1312 .“
1414 1277 1427 1302 s

814 1409 819 1416 .
970 1358 1001 1444 (Ι
1029 1360 1228 1438 rel-rer).
1315 1338 1318 1344 ’

282 1466 515 1553 Dungalus
539 1465 772 1546 ReclusuS,
799 1465 875 1532 adv,
900 1462 1018 1529 Claud.
1036 1463 1140 1530 Taur.
1159 1463 1276 1548 (llige.
1294 1469 1319 1529 t.
1341 1464 1403 1529 105

172 1599 205 1662 p.
232 1577 312 1657 495)

286 1679 356 1763 „De
381 1675 504 1742 demini
528 1697 626 1742 cruce
650 1676 787 1743 colenda
805 1676 963 1742 Sedulius
987 1675 1022 1740 in
1037 1674 1124 1741 libre
1140 1674 1200 1744 IV.
1225 1673 1400 1741 Paschalis

174 1787 332 1854 carminis
357 1787 423 1852 ait:
952 1851 954 1855 ,

339 1893 410 1956 Puer
426 1894 527 1956 erucis
545 1893 611 1978 ipse
626 1893 706 1978 siclt,
724 1893 914 1976 uiolentaque
930 1893 1044 1955 robora
1060 1891 1213 1955 ueeurbrr's.
1235 1941 1242 1956 .
1261 1943 1267 1956 .
1287 1896 1317 1953 .“

1007 1998 1053 2084 (V
1073 1999 1270 2084 ree-195).

282 2105 519 2174 Ermoldus
543 2106 575 2172 N
585 2108 764 2194 igellus‚
789 2109 825 2174 in
847 2107 1003 2192 carmine,
1029 2106 1117 2195 quod
1142 2106 1220 2172 exrrl
1244 2109 1279 2174 in
1302 2109 1401 2175 henc-

173 2237 247 2280 rem
275 2214 471 2282 Hludcwici
507 2215 777 2283 christianissimi
812 2217 968 2284 Caesaris
989 2215 1170 2302 Augusti,
1209 2213 1403 2303 composuit,

175 2321 351 2390 Sedulium
397 2321 542 2408 primum
592 2323 738 2388 omnium
780 2329 958 2410 poetarum
996 2321 1256 2387 christianorum
1296 2322 1404 2410 ponit,

174 2432 196 2498 l.
222 2431 241 2496 I
268 2434 309 2497 15
333 2453 358 2497 a
386 2430 440 2515 (cf.
463 2431 575 2498 Pertz.
600 2433 688 2499 lllcn.
713 2431 751 2498 Π
773 2457 804 2520 p.
830 2435 920 2512 464).

339 2538 411 2602 Neu
435 2561 490 2624 epo
512 2519 669 2626 pesterum
686 2563 750 2626 per
772 2541 901 2626 se'upulu
924 2563 1062 2625 quaeque
1088 2563 1261 2619 recurram,

336 2644 402 2708 Nec
417 2645 485 2731 fes,
511 2669 564 2709 uec
581 2647 668 2732 potr's
694 2659 745 2726 est,
770 2670 825 2710 uec
847 2647 929 2710 calet
953 2647 1124 2732 inperium,

337 2750 376 2816 Sl
396 2753 498 2834 Mero,
524 2753 621 2832 Naso,
650 2752 744 2831 (luto‚'
759 2753 906 2833 Flaccus,
931 2753 1093 2832 Lucanus,
1122 2753 1287 2833 Homerus,

341 2860 466 2924 Tullius
489 2875 517 2925 et
538 2861 659 2944 Macer,
686 2861 796 2927 (licere
819 2865 882 2926 slve
905 2861 1009 2942 Plato,

338 2969 554 3051 Seclule’us,
579 2995 635 3034 nec
658 2993 724 3034 uou
746 2970 939 3034 Prudentius
962 2984 1054 3054 utque
1077 2969 1234 3033 lue-emtus

337 3077 397 3141 Seu
421 3082 618 3160 Fortunatus,
643 3078 780 3167 Prosper
804 3093 832 3143 et
854 3082 921 3166 ipse
939 3079 1044 3164 fhret:

339 3183 456 3247 Omnia
471 3183 611 3269 fumosis
633 3187 686 3248 viee
705 3198 829 3270 possent
851 3186 980 3248 condere
1003 3185 1105 3246 curtis

337 3293 439 3377 Atque
461 3316 551 3356 suum
576 3292 691 3357 celebre
714 3293 787 3357 leuc
811 3293 979 3378 duplicare
1002 3291 1105 3354 urcelos.

335 3399 408 3461 Ast
432 3422 501 3486 epo
525 3399 655 3464 lintre
677 3399 775 3463 rudi
798 3401 949 3462 rimoso
971 3400 1114 3461 uerita
1139 3419 1246 3459 remo

335 3505 517 3598 [accensi
537 3506 688 3594 pelepe'
709 3529 864 3591 creperet·
888 3506 1007 3569 edire
1030 3504 1133 3568 cele.
1149 3504 1171 3585 ¹)

286 3611 588 3680 chescalcus
634 3612 670 3678 in
716 3612 876 3680 schedula
923 3611 967 3676 ad
1012 3611 1232 3676 Ilincmarum
1278 3607 1400 3694 (Mign.

153 3723 202 3784 ·t.
232 3721 290 3784 121
317 3743 349 3806 p.
374 3721 463 3804 479).
514 3720 614 3801 „Pari
649 3720 750 3786 etiam
783 3719 896 3799 modo,
933 3742 1007 3784 cum
1043 3717 1183 3798 dicitur,
1219 3715 1312 3782 trina
1349 3715 1403 3781 vel

176 3828 277 3888 terna
300 3824 393 3903 fidae,
419 3832 458 3892 ut
482 3832 534 3892 est
557 3825 644 3891 illud
668 3822 856 3905 Sedulii,
881 3822 1024 3890 fidelis
1048 3829 1208 3910 poetae
1233 3822 1315 3888 tui:

243 3933 306 3998 Iste
320 3935 422 4018 fldem
445 3948 575 4013 ternam,
600 3947 649 3997 ust
671 3935 721 3998 lu'c
744 3957 809 3998 uere
832 3933 1031 4019 amplectitur
1055 3937 1184 3995 elunm.“
1207 3929 1237 4014 (l
1262 3930 1350 4013 324).

174 4037 215 4102 In
253 4037 316 4104 hac
352 4038 530 4126 utriusque
565 4037 796 4103 controversia
831 4037 884 4120 (dc
908 4035 1000 4101 trina
1025 4034 1165 4122 deitate)
1198 4035 1400 4100 Hincmarus

176 4145 280 4212 etiam
294 4144 468 4212 Sedulium
488 4168 554 4212 nou
567 4144 669 4211 semel
689 4145 810 4211 laudat
833 4150 867 4209 et
891 4142 963 4209 eius
988 4143 1193 4209 auctoritate
1210 4143 1343 4210 nititur.

286 4323 306 4392 ¹)
325 4325 363 4378 ef.
385 4325 486 4377 Sedulii
512 4326 591 4390 epist.
621 4327 641 4378 1.
670 4324 704 4376 ad
733 4323 987 4376 Macedonium...
1009 4328 1101 4390 utpote
1129 4321 1175 4387 qui
1204 4323 1276 4374 nulla
1304 4321 1403 4372 veteris

176 4415 304 4468 scientiae
324 4416 511 4480 praerogativa
530 4416 653 4466 suffultus
672 4420 726 4466 tam
754 4416 943 4465 immensum
971 4413 1153 4479 paschalis
1183 4413 1327 4477 pelagus
1345 4427 1403 4462 ma-

177 4503 329 4554 iestatis
349 4507 375 4552 et
399 4501 468 4553 viris
487 4518 590 4567 quoque
616 4501 787 4566 peritissimis
814 4499 1024 4562 formidandum,
1054 4514 1163 4564 parva
1192 4499 1263 4549 tire
1293 4499 1405 4548 lintre

177 4606 398 4644 cucurrerim.
