3196 5196
636 314 858 378 ...41..

235 487 395 575 ltaque
419 487 523 554 novi
545 489 810 555 testamenti
832 488 942 557 libri
965 490 1228 576 quattuor1),
1253 493 1367 562 vete.

131 593 194 662 ris
219 618 342 678 unns,
370 596 564 686 quinque
587 598 795 666 universi
816 601 1112 664 numerantur.

241 704 361 796 Operis
384 704 553 794 paschalis
566 707 591 794 ²)
616 713 698 797 quot
731 707 813 774 libri
844 705 1109 794 distinguantur,
1147 729 1164 773 e
1197 706 1364 774 codicibus

136 809 326 898 disceptare
356 833 424 876 non
454 833 606 898 possum,
644 812 704 878 sed
732 811 870 878 dubium
892 833 959 878 non
994 833 1067 878 esse
1100 810 1247 894 videtur,
1284 813 1366 901 quin

133 915 176 981 ad
217 937 392 982 numerum
435 923 470 982 et
503 916 666 983 ambitum
704 915 868 984 librorum
906 916 1063 984 carminis
1102 916 1173 983 sint
1210 919 1363 988 confecti.

140 1023 242 1111 Operi
265 1023 418 1112 paschali
453 1025 634 1112 epistulam
669 1025 713 1091 ad
743 1025 975 1093 Macedonium
1010 1026 1155 1092 alteram
1190 1029 1365 1114 praemitti

135 1130 203 1195 iam
226 1129 418 1196 memoravi.
467 1128 633 1196 Carminis
668 1130 844 1220 operisque
879 1153 1041 1196 summam
1065 1131 1246 1219 diligenter
1269 1155 1364 1200 ener-

134 1245 300 1306 reverunt
324 1237 586 1322 Schroeckhius,
623 1240 703 1306 hist.
736 1241 815 1307 eccl.
840 1239 937 1306 VIII.
962 1264 994 1329 p.
1021 1244 1085 1307 148
1109 1263 1177 1331 seq.
1203 1251 1237 1308 et
1260 1241 1364 1309 Eber-

132 1350 199 1426 tus,
225 1345 248 1411 l.
273 1368 299 1412 c.
316 1369 348 1433 p.
366 1349 431 1412 359
447 1368 533 1436 seq.;
558 1346 613 1412 hic
626 1346 729 1413 etiam
740 1346 904 1413 nonnulla
922 1346 1133 1428 discrimina,
1159 1371 1244 1436 quae
1260 1350 1364 1417 inter-

136 1453 258 1520 cedant
284 1454 374 1521 inter
389 1478 472 1544 opus
493 1461 684 1545 utrumque,
709 1455 875 1522 eSednlii
899 1455 1046 1542 epistula
1069 1457 1112 1522 ad
1132 1457 1365 1524 Macedonium

138 1558 248 1626 altera
274 1561 428 1651 inprimis
452 1562 592 1649 collegit
615 1569 717 1651 atque
741 1563 911 1650 congessit
935 1562 990 1650 (cf.
1014 1588 1045 1651 p.
1073 1566 1175 1648 363.).
1200 1563 1365 1652 Equidem

135 1666 196 1734 hoc
220 1690 323 1733 unum
353 1691 468 1734 moneo
502 1689 636 1734 carmen
667 1667 827 1756 paschale
861 1689 981 1755 prosae
1015 1667 1158 1734 multum
1189 1675 1365 1756 praestare

139 1774 250 1857 laude,
276 1798 340 1864 quo
366 1774 561 1864 explicetur,
598 1798 658 1841 cur
682 1776 775 1862 Opus
808 1780 880 1841 tam
903 1774 1020 1863 paneis
1045 1775 1293 1864 exemplaribus
1318 1777 1365 1846 sit

137 1889 373 1972 propagatum.

241 1992 326 2058 Post
349 2016 482 2059 carmen
505 1993 666 2082 paschale
690 1994 725 2059 in
748 1994 845 2061 libris
868 1994 1108 2082 manuscriptis
1128 1993 1256 2080 legitur
1281 2006 1363 2060 ca'r-

134 2123 225 2166 men
261 2098 386 2165 alind
422 2098 651 2187 inscriptionis
686 2099 819 2181 variae,
860 2099 949 2187 quod
984 2098 1087 2165 etiam
1124 2098 1298 2172 Asterius¹
1324 2124 1365 2168 ex

134 2207 270 2295 seriptis
294 2204 430 2270 ineditis
456 2203 586 2271 Sedulii
611 2204 755 2271 edidisse
778 2204 932 2285 videtur,
957 2204 987 2270 si
1010 2204 1144 2292 quidem
1167 2206 1363 2294 respicimus

134 2312 385 2400 inscriptionem
409 2311 478 2379 cod.
508 2312 605 2380 Vind.
633 2315 675 2380 85
698 2313 722 2380 f.
749 2317 792 2381 39
826 2339 953 2395 „versos
984 2314 1121 2396 Astere'e’,
1155 2318 1213 2400 qui
1240 2317 1356 2405 collep‘

132 2450 158 2487 r.
184 2423 216 2488 S.
243 2421 335 2508 (fort.
359 2423 513 2508 reliquiae
538 2421 698 2508 Sedule'i):¹

352 2545 519 2613 Cantemus
541 2550 619 2613 socii
644 2548 781 2629 domino,
811 2562 970 2646 cantemus
992 2551 1147 2614 bonorem.

241 2673 283 2739 In
308 2673 459 2760 margine
483 2672 552 2739 alia
576 2695 694 2738 manus
720 2673 899 2739 adnotavit
932 2698 1085 2755 „carmen
1119 2675 1159 2739 dc
1190 2673 1365 2738 mediatore

138 2779 296 2846 Sedeliif‘
339 2777 479 2866 Absque
502 2777 722 2865 inscriptione
758 2799 796 2844 ac
821 2778 1067 2865 subscriptione
1092 2801 1226 2845 carmen
1250 2786 1365 2848 exstat

134 2884 169 2950 in
205 2883 274 2950 cod.
301 2883 401 2949 Taur.
440 2890 475 2950 et
498 2884 627 2967 Ambr.,
664 2883 863 2950 inscribitur
897 2885 933 2950 in
969 2885 1039 2952 cod.
1075 2884 1154 2953 Par.
1192 2890 1280 2954 9347
1313 2887 1365 2953 ita

137 2992 195 3059 fol.
223 2996 281 3062 16³.
310 2996 443 3082 „incipit
466 2995 601 3080 dymnus
625 2997 674 3059 eci
698 2993 848 3059 Scdulr‘e'“
861 3034 905 3043 —
922 2993 1004 3060 item
1020 2995 1055 3060 in
1073 2995 1142 3061 cod.
1159 2995 1238 3061 Par.
1258 2999 1364 3064 13047

135 3100 170 3166 in
194 3101 265 3168 eod.
289 3100 369 3166 Par.
399 3105 516 3182 14‚143
550 3104 734 3188 „decipiunt
760 3126 868 3167 versus
892 3103 1060 3185 eiusdem“,
1096 3102 1129 3167 in
1166 3101 1236 3169 eod.
1261 3101 1363 3170 Vind.

138 3209 203 3274 246
226 3209 408 3294 „ium‘pe'uot
431 3206 495 3271 alic·
506 3230 611 3271 cereus
628 3207 800 3288 ee’cedem,“
821 3205 858 3272 in
870 3205 940 3274 cod.
954 3207 1040 3294 Reg.
1057 3207 1139 3276 1513
1155 3208 1242 3275 XIX
1266 3210 1364 3295 (Mus.

137 3331 237 3415 Brit.)
260 3335 442 3420 „incipiunt
463 3359 568 3399 versus
592 3335 727 3398 eiusdem
750 3336 789 3398 de
812 3334 908 3400 leude
931 3321 998 3422 eqo-u
1015 3373 1059 3382 —
1081 3331 1365 3416 siuel‘domeieieum

139 3466 264 3506 carmen
286 3442 437 3523 sedulii‚“
462 3441 497 3506 in
517 3441 587 3508 cod.
604 3441 708 3508 Laur.
729 3445 781 3509 23.
801 3441 846 3530 pl.
864 3441 939 3508 XV.
967 3446 1104 3532 ‚ciccipit
1132 3470 1257 3512 carmen
1287 3449 1364 3512 ecies·

137 3549 229 3612 dem“
248 3547 303 3632 (cf.
319 3552 362 3613 et.
377 3547 465 3612 Mon.
482 3550 601 3627 14‚569
614 3547 684 3629 H.),
698 3548 769 3613 eod.
782 3547 899 3613 Ambr.
910 3546 952 3613 R.
967 3550 1010 3614 46
1033 3554 1195 3630 „auctoris
1212 3551 1363 3638 epilogus,

136 3659 293 3719 cantemus
311 3707 317 3720 .
337 3706 343 3718 .
363 3675 391 3733 .;
407 3651 524 3718 Ambr.
539 3652 583 3717 H.
602 3655 653 3718 80.
671 3655 808 3741 „incipit
816 3655 1037 3741 paractericum
1053 3679 1180 3720 carmen
1198 3656 1246 3720 vel
1260 3681 1365 3744 reper-

137 3763 311 3824 cceeoricm
334 3783 427 3843 eoque
452 3782 534 3822 unce
557 3761 614 3822 uni
636 3761 868 3846 rqiereutiatur
891 3759 936 3824 ed
959 3759 1105 3840 alterum,
1130 3760 1210 3828 Cod.
1228 3759 1363 3828 (lenter.

133 3871 288 3954 „hymnus
311 3865 438 3931 Sedcle'c'
457 3867 497 3931 de
518 3880 573 3931 vet.
599 3877 624 3930 et
648 3891 715 3931 eoo.
741 3871 891 3948 testem.“‚
919 3864 1009 3933 Alm.
1031 3890 1169 3953 „ymnus
1205 3867 1361 3950 Sedule'e'“,

135 3970 215 4039 Vat.
232 3970 318 4057 Reg.
337 3975 357 4036 2
378 3969 470 4059 (Ar)
493 3973 630 4059 „incipit
646 3993 773 4036 carmen
790 3971 970 4058 clep-iocum,
995 3972 1078 4056 quod
1098 3987 1229 4038 vocetur
1245 3999 1364 4062 poree·

178 4206 181 4212 ‚
246 4225 265 4294 ¹)
284 4226 452 4278 Dissentiene
471 4241 487 4276 a
506 4226 601 4276 ceteris
621 4229 661 4276 est
679 4225 774 4276 incisio
794 4225 857 4276 libri
876 4225 965 4291 quinti
983 4231 1045 4292 post
1063 4243 1088 4280 r.
1103 4225 1156 4283 260
1175 4227 1203 4278 in
1214 4227 1271 4284 cod.
1283 4227 1363 4280 Vind.

138 4315 196 4373 307.
231 4318 354 4384 „explicit
380 4317 445 4368 liber
464 4325 573 4382 quartus
593 4317 654 4366 ucri
673 4316 825 4368 testamenti.
863 4315 961 4384 Incipit
972 4317 1047 4368 'liber
1073 4317 1118 4370 V.“
1149 4345 1183 4356 -
1212 4321 1239 4368 et
1263 4319 1291 4369 in
1310 4317 1363 4370 fine

138 4410 263 4478 „suplicii
282 4410 352 4460 liber
370 4395 473 4474 quintus
492 4408 552 4458 uoci
574 4408 743 4462 testamenti“.

156 4482 159 4488 ¹
242 4495 263 4563 ²)
282 4494 443 4547 Trithcmius
471 4496 488 4548 1.
518 4509 539 4546 c.
570 4510 635 4561 opus
662 4495 785 4546 inscribit
813 4496 852 4546 ita
883 4497 938 4564 „De
968 4495 1102 4547 miraculis
1122 4495 1225 4547 Christi
1243 4497 1363 4562 prosaice

134 4586 178 4638 lib.
198 4588 251 4639 II.“
