3272 5200
751 337 975 400 -110-

250 515 391 592 alacres,
432 512 492 576 107
519 533 588 599 erpo
611 511 669 575 ubi
690 536 730 574 =
757 513 836 592 166,
860 511 992 594 11159,
1016 511 1068 580 IV
1083 513 1159 596 283,
1184 513 1408 602 V261,295;
1444 517 1480 584 in

251 620 354 708 longa
376 619 414 684 H
429 622 494 688 298
517 641 585 706 erpo
600 623 704 708 69616.
751 619 803 686 At
825 641 867 686 ex
890 621 968 688 aliis
991 621 1075 689 locis
1099 628 1205 711 patet,
1231 623 1371 690 ofinale
1386 624 1480 692 vocis

253 728 374 813 „erg0“
401 748 421 791 a
445 724 582 793 Sedulio
606 725 731 816 corripi
755 727 795 794 ef.
814 727 851 792 H
875 731 949 810 183,
975 731 1050 810 220,
1075 732 1158 811 285,
1189 729 1246 794 HI
1270 733 1307 811 8,
1332 727 1385 795 IV
1402 732 1477 811 261,

253 831 285 897 V
302 835 354 912 09,
379 835 455 900 411.
503 830 614 898 Semel
643 855 710 898 vox
740 833 980 920 pyrrhichiaca
1010 833 1046 898 in
1076 833 1167 900 thesi
1196 835 1307 924 prima
1338 832 1479 900 eliditur

250 940 365 1008 11151
394 964 456 1006 uon
480 941 568 1005 mule
591 955 634 1022 ut,
660 941 762 1007 semel
786 964 852 1008 vox
876 941 1049 1029 dactylica
1071 942 1109 1008 H
1125 946 1192 1011 210
1215 945 1357 1009 culmine
1381 957 1418 1008 et.

360 1045 539 1133 Frequens
563 1053 616 1112 est
639 1067 722 1112 usus
753 1046 902 1114 elisionis
932 1048 1030 1114 initio
1054 1047 1149 1136 pedis
1173 1049 1317 1114 alterius
1342 1057 1379 1116 et
1402 1049 1475 1139 qui-

252 1150 325 1217 dem
342 1150 508 1218 vocalium
532 1151 710 1236 longarum
734 1158 773 1218 ut
796 1152 874 1218 125
899 1156 990 1218 einero
1010 1168 1038 1220 et
1056 1155 1199 1241 placidie
1231 1155 1314 1244 (vox
1335 1155 1483 1222 iambica

252 1259 411 1341 eliditur,
448 1258 545 1325 modo
576 1258 671 1326 locus
703 1259 750 1327 sit
782 1260 919 1348 sanus),
957 1242 1023 1328 204
1045 1265 1183 1326 anzinio
1208 1279 1337 1349 quanta,
1362 1263 1400 1328 Π
1419 1268 1486 1332 130

253 1370 383 1432 misceri
403 1381 474 1432 6616
498 1368 613 1446 oeulos,
641 1370 704 1435 199
732 1367 793 1432 Ter
814 1392 878 1433 6666
902 1368 1047 1433 attollens
1071 1350 1275 1452 (codI‘Taur.
1293 1383 1339 1434 ter
1362 1395 1400 1434 66
1425 1371 1485 1435 red·

258 1472 351 1559 coit),
376 1476 441 1540 218
465 1475 635 1538 caelicolae
659 1476 817 1555 assistunt,
842 1473 894 1540 IV
910 1477 950 1538 27
976 1475 1070 1539 dubie
1092 1477 1128 1540 ia
1151 1477 1282 1557 eaelum,
1308 1479 1375 1543 244
1391 1479 1485 1542 oculo

256 1582 395 1662 alteriue,
431 1579 464 1647 V
480 1584 523 1646 24
548 1583 674 1648 linteolo
698 1585 867 1666 aoer'aetac,
892 1586 935 1651 83
965 1586 1111 1649 continuo
1134 1585 1188 1648 ud¹
1202 1586 1313 1663 tre'etes,
1349 1584 1416 1648 232
1432 1585 1483 1647 in-

256 1704 339 1754 terea
363 1691 555 1771 horrendae,
581 1692 646 1756 255
664 1694 815 1779 peniculo
839 1694 999 1780 infusum,
1032 1695 1096 1759 387
1122 1695 1205 1758 enim
1231 1694 1384 1775 arte'fieec,
1418 1693 1487 1757 403

254 1797 364 1859 etenim
396 1795 566 1863 abluimur.
613 1794 654 1860 In
684 1795 773 1861 thesi
804 1796 900 1883 pedis
929 1795 1068 1862 secundi
1097 1796 1234 1864 vocales
1264 1796 1385 1884 longas
1416 1822 1486 1866 non

253 1900 362 1982 elisit,
395 1924 472 1967 nam
495 1901 568 1968 loco
589 1900 623 1967 V
640 1905 682 1969 10
705 1904 887 1987 clarificabo
910 1907 1041 1986 iterum,
1064 1926 1083 1970 o
1107 1902 1208 1970 finale
1232 1903 1417 1993 corripitur
1440 1913 1486 1972 ut

253 2030 354 2096 saepe
371 2009 413 2076 cf.
430 2033 462 2097 p.
484 2013 558 2078 114.
584 2009 635 2078 At
650 2009 743 2078 elisit
762 2011 798 2076 in
822 2012 892 2079 arsi
906 2013 1012 2079 tertia
1027 2012 1045 2077 Ι
1060 2016 1127 2082 249
1143 2038 1249 2078 rerum
1266 2039 1338 2096 eece,
1362 2013 1399 2079 H
1418 2017 1485 2081 197

254 2116 393 2179 adorari
413 2129 440 2180 et
462 2117 542 2197 reli,
577 2115 634 2182 ΙΠ
650 2119 717 2184 286
744 2119 830 2197 Quid
845 2120 931 2204 quod
955 2133 992 2189 61,
1005 2119 1144 2201 Heliam,
1170 2133 1198 2184 61
1222 2121 1347 2184 ciarum
1377 2121 1488 2185 cidere

258 2224 424 2310 Moysen?
448 2223 580 2310 (Areu.)
607 2223 849 2307 „Scribendnm
873 2226 1042 2308 Quid...
1067 2225 1206 2292 Helian
1232 2233 1267 2294 et
1290 2227 1420 2293 clarum
1444 2226 1490 2293 61-

257 2330 337 2398 dere
360 2331 515 2412 Mosen“,
548 2334 631 2403 Luc.
648 2335 764 2405 Muell.
783 2337 824 2403 de
847 2357 885 2404 re
906 2361 948 2404 m.
966 2362 998 2426 p.
1016 2319 1080 2404 312
1104 2337 1189 2424 (cod.
1208 2336 1310 2404 raur.
1335 2337 1437 2401 lele'ae
1461 2351 1492 2401 61

260 2462 302 2507 m.
323 2444 350 2518 1,
376 2441 460 2506 hclid
486 2439 508 2528 lq
536 2456 564 2507 61
586 2464 628 2508 m.
654 2445 685 2509 2.
709 2481 754 2492 -
777 2447 940 2510 nomiae
963 2445 1132 2532 Moysen
1155 2445 1278 2529 (nune),
1303 2447 1444 2530 nomia
1469 2464 1491 2508 a

255 2571 297 2616 m.
316 2552 372 2632 2.).
406 2547 520 2616 Rarus
530 2554 554 2635 ¹)
572 2557 624 2616 est
646 2574 729 2618 usus
754 2552 905 2620 elisionis
928 2554 964 2620 in
986 2554 1075 2621 thesi
1097 2553 1193 2642 pedis
1215 2552 1320 2621 tertii.
1345 2549 1489 2619 Vooalis

256 2651 438 2738 longave]
461 2654 570 2721 media
595 2655 737 2723 eliditur
751 2647 789 2723 11
813 2662 874 2726 221
895 2662 1026 2748 piscari
1047 2661 1180 2725 animus.
1218 2735 1220 2744 s

360 2757 534 2847 Frequens
570 2783 651 2828 vero
684 2768 738 2830 est
779 2762 873 2830 elisio
905 2764 941 2829 16
972 2763 1041 2830 arsi
1075 2768 1199 2852 quarta
1229 2762 1267 2828 H
1296 2765 1359 2829 191
1398 2766 1494 2842 requi

256 2866 448 2952 adfectaret,
481 2868 531 2934 IV
547 2871 589 2937 65
613 2896 677 2938 cese
699 2875 882 2961 impertivit,
917 2876 982 2941 274
1006 2875 1076 2939 tabo
1100 2874 1284 2957 eedaiubet,
1308 2869 1341 2937 V
1358 2873 1425 2936 174
1441 2872 1491 2935 az'l

255 2976 271 3038 i
276 2999 336 3040 am
358 2977 597 3041 6166161116
612 2978 717 3062 ferret
741 2977 1142 3067 (Arev.)‚Ditt0graphia
1170 2982 1306 3044 exstare
1337 2974 1487 3059 videtur,

254 3097 373 3166 nempe
388 3078 423 3142 16
439 3077 510 3147 eod.
529 3079 632 3148 1666.
658 3102 679 3146 6
702 3103 803 3147 6666
829 3086 857 3148 1.
883 3082 1011 3170 legitur
1038 3085 1122 3167 „iam
1145 3083 1352 3166 mutabilee“;
1392 3103 1486 3170 prae-

255 3189 351 3251 terea
385 3184 610 3272 monosyllabi
646 3185 740 3253 elisio
776 3187 923 3255 insolens
947 3194 1009 3256 est.
1056 3186 1089 3253 V
1112 3190 1176 3255 377
1200 3211 1266 3253 sese
1288 3189 1399 3253 intulit
1420 3189 1482 3254 399

257 3293 382 3358 domnici
413 3295 459 3358 ud
492 3297 639 3384 resteque,
682 3294 714 3359 h.
739 3295 757 3361 I
793 3299 834 3364 83
871 3301 975 3363 cuncti
999 3299 1143 3363 66611616.

364 3397 474 3464 Maior
490 3406 542 3465 est
557 3399 750 3490 frequentia
767 3425 841 3468 oum
857 3402 1033 3468 elisionum
1048 3407 1121 3469 tum
1141 3401 1319 3488 longarum
1337 3399 1373 3467 in
1396 3399 1488 3468 thesi

257 3501 353 3590 pedis
369 3505 503 3591 quarti:
526 3505 599 3572 143
620 3507 773 3574 Thesidae
789 3510 912 3590 erretis,
930 3507 1002 3574 168
1012 3509 1170 3596 formasti
1190 3510 1234 3590 ie,
1262 3509 1326 3574 185
1348 3511 1490 3572 conuenit

259 3612 398 3676 Heliae!
417 3614 526 3677 merito
542 3615 614 3699 qui
630 3628 666 3679 et
681 3617 805 3680 nomine
822 3616 948 3702 felpeac
962 3613 1067 3680 Arev.
1086 3613 1246 3680 Offendor
1261 3618 1399 3700 praeter
1419 3612 1490 3680 6116

259 3719 294 3783 16
327 3717 463 3787 61161666
484 3721 718 3810 monosyllabi.
742 3722 889 3790 Frustra
912 3724 981 3789 viri
1004 3723 1094 3791 docti
1116 3722 1189 3789 1666
1213 3725 1249 3788 61
1273 3720 1432 3787 carminis
1456 3729 1492 3789 et

194 3891 198 3898 ,
258 3848 380 3915 prosae
407 3825 613 3892 emendando
638 3850 774 3915 operam
796 3827 1029 3916 perdiderunt.
1075 3826 1243 3916 Equidem
1265 3833 1348 3914 puto
1371 3828 1492 3894 Helice

176 4014 179 4020 Ι
263 3956 335 4001 6666
362 3934 557 4020 genetivum
593 3935 647 4020 (ci.
674 3959 777 4026 supra
801 3961 832 4026 p.
858 3939 900 4005 85
934 3937 1082 4003 Conuenit
1113 3936 1268 4000 Euandri
1296 3932 1393 4018 Virg.
1419 3931 1493 3998 XII

261 4045 338 4128 184)
374 4048 409 4108 et
430 4048 510 4129 post
533 4052 639 4111 merito
663 4067 737 4112 esse
762 4045 1079 4133 interpungendum.
1127 4043 1211 4110 Cum
1233 4044 1270 4110 16
1293 4041 1363 4108 eod.
1390 4048 1491 4108 vetu-

260 4146 407 4216 stissimo
433 4146 537 4213 Taur.
554 4149 691 4237 legatur
714 4161 906 4237 „meritoque
929 4153 988 4215 in“
1020 4149 1089 4238 (vel
1113 4168 1132 4219 θ
1156 4154 1288 4216 mutato
1311 4152 1394 4236 „qai
1414 4151 1491 4237 in“)

259 4256 405 4323 fortasse
428 4256 542 4344 placet
572 4257 655 4325 haee
686 4281 759 4326 mea
783 4258 986 4326 emendatio:
1034 4259 1182 4325 06666611
1214 4257 1328 4324 Helice
1358 4258 1492 4337 mereim

370 4513 388 4580 1)
407 4511 486 4570 1218
504 4513 639 4582 Deposuit,
659 4513 806 4588 saevisque
822 4513 852 4564 in
866 4511 992 4578 faucibus
1011 4511 1055 4562 ira
1073 4508 1294 4579 quieuitiArev.);
1311 4508 1493 4574 6661661616-

260 4604 359 4654 sertum
380 4617 437 4653 csse
457 4601 571 4657 videtur.
591 4603 623 4654 In
643 4600 700 4658 cod.
715 4602 793 4654 Taur.
814 4605 855 4652 est
875 4599 973 4668 ,caeeis
991 4597 1045 4662 iu“,
1066 4615 1096 4665 q:
1115 4613 1196 4664 supra
1215 4596 1326 4680 scripsit
1344 4612 1378 4650 m.
1399 4595 1423 4650 2.
