3196 5196
672 353 893 416 „27-

162 532 309 599 fortasse
345 529 489 596 ablativi
523 529 632 596 forme
658 531 857 616 „praesepe“
895 549 977 592 usus
1014 530 1065 592 est
1087 525 1125 592 Π
1148 529 1201 594 62.
1224 523 1277 591 IV
1300 529 1392 607 301,

154 637 318 726 'quamvis
342 636 479 704 nonsit
503 634 773 702 denominativo
805 639 1022 722 „praesepes“
1057 633 1282 720 cogitandum.
1328 633 1392 724 (Of.

162 745 243 812 ibid.
269 757 440 832 angusto
457 797 463 812 .
483 797 489 812 .
509 799 515 813 .
537 747 684 832 patulo
704 755 931 831 praesepe.)

265 851 317 918 Ne
340 851 376 917 in
398 851 452 916 his
477 850 606 918 diutius
630 872 749 932 morer,
774 849 973 937 praesertim
998 871 1073 914 cum
1097 848 1233 936 saepius
1257 847 1386 914 occasio

166 965 323 1026 occurrat
357 958 444 1023 talia
479 956 786 1038 animadvertendi,
826 977 943 1042 moneo
977 954 1150 1022 Sedulium
1182 977 1248 1020 non
1284 953 1393 1021 solum

164 1068 292 1133 litteris
315 1067 450 1148 latinis,
476 1066 705 1133 saecularibus
730 1069 773 1130 et¹
787 1065 928 1146 divinis,
954 1065 1012 1132 scd
1036 1063 1138 1131 etiam
1161 1065 1291 1152 graecis
1316 1070 1386 1130 stu-

165 1176 287 1242 duisse.
326 1175 367 1241 ld
392 1175 479 1263 quod
502 1175 618 1240 multis
641 1173 725 1260 locis
748 1179 854 1260 patet.
901 1174 943 1239 In
965 1173 1081 1240 eadem
1105 1173 1261 1261 epistula,
1287 1196 1386 1262 quam

164 1302 269 1369 supra
308 1279 583 1360 memoravimus,
630 1279 891 1345 calumniatores
929 1278 1107 1345 malivolos
1156 1279 1199 1346 ad
1238 1285 1393 1346 auctores

164 1410 303 1475 graecos
326 1394 465 1455 revocat
505 1387 768 1475 „Cognoscant“,
803 1389 924 1477 inquit,
964 1387 1292 1474 „Hermogenianum
1320 1386 1393 1451 doc-

119 1481 120 1486 *
163 1497 331 1564 tissimum
372 1495 602 1562 iurislatorem
647 1501 719 1560 tres
756 1495 919 1561 editiones
955 1495 1009 1561 sui
1042 1494 1153 1582 operis
1197 1492 1387 1569 confecisse.
1481 1477 1488 1494 ¹

166 1604 386 1691 Cognoscant,
410 1603 652 1692 peritissimum
675 1602 810 1668 divinae
831 1602 917 1688 legis
934 1603 1112 1688 Origenem
1135 1601 1246 1667 tribus
1269 1598 1388 1664 nihilo-

164 1713 274 1777 minus
293 1693 615 1800 editionibus'prope
633 1716 761 1794 cuneta,
788 1733 873 1799 quae
898 1709 1068 1791 disseruit,
1094 1709 1299 1797 aptavissc,“
1337 1707 1393 1774 Se-

165 1817 294 1883 dulium
318 1843 441 1906 graeca
466 1823 566 1888 etiam
584 1822 725 1888 scivisse
751 1843 791 1887 ex
814 1819 969 1886 versibus
993 1818 1192 1905 colligimus,
1216 1818 1388 1905 inquibus

162 1949 282 1993 nomen
305 1923 426 1994 Heliae
459 1929 502 1994 ad
533 1950 648 1994 vocem
686 1927 800 2013 „itlrr;“
841 1926 1036 2011 refertur.1)
1083 1926 1228 1992 Litteris
1252 1926 1383 2012 graecis

165 2039 198 2121 (α
221 2042 256 2103 et
279 2040 317 2120 ω)
341 2059 401 2124 per
425 2019 623 2124 allegoriam
646 2060 728 2102 usus
753 2043 805 2102 est
830 2035 864 2104 O.
890 2062 920 2124 p.
945 2037 1002 2102 ΙΠ
1025 2038 1154 2120 288fl),
1273 2105 1275 2112 ,

114 2191 121 2198 .
243 2201 245 2204 .
273 2141 471 2228 Disciplinis
500 2142 742 2218 „litteralibus“
769 2143 805 2208 in
824 2143 927 2209 Italia
951 2141 1083 2208 studuit
1105 2143 1159 2227 (cf.
1180 2164 1255 2207 ann.
1277 2162 1391 2226 gymn.

165 2246 287 2316 Austr.
309 2252 393 2315 1876
410 2273 442 2336 p.
458 2253 536 2334 501)
552 2250 617 2332 vel,
630 2251 731 2338 .quod
748 2251 849 2317 ctiam
865 2251 1002 2336 legitur,
1025 2249 1180 2316 initalia
1202 2247 1395 2337 philoso-

163 2353 306 2440 phiam
325 2356 452 2438 didicit,
467 2381 553 2445 quae
565 2359 712 2426 fortasse
724 2383 789 2426 non
803 2360 973 2427 differunt.
991 2360 1139 2444 „Deinde
1152 2359 1231 2426 illas
1245 2355 1391 2445 discipli-

165 2487 227 2530 nas
244 2465 427 2531 saecularis
446 2467 480 2531 in
494 2457 624 2534 Achaia
643 2469 775 2535 docuit“
793 2469 849 2535 vel
870 2475 1006 2557 „postea
1023 2491 1095 2534 oum
1112 2467 1190 2533 aliis
1206 2470 1389 2532 metrorum

165 2571 344 2656 generibus
369 2570 537 2637 heroicum
559 2582 702 2640 metrum
718 2575 912 2640 Macedonio
937 2574 1131 2640 consulente
1156 2572 1286 2638 docuit“
1327 2571 1381 2655 (cf.

166 2697 268 2762 supra
292 2699 323 2762 p.
350 2681 389 2742 21
416 2676 467 2764 s).
511 2677 602 2743 Inde
619 2679 825 2766 explicatur,
850 2701 910 2745 cur
933 2679 986 2745 hio
1010 2679 1082 2744 illic
1104 2685 1206 2766 poeta
1234 2681 1387 2764 „rhetor“
1420 2716 1422 2720 ·

165 2791 378 2871 nuncupetur
401 2791 441 2850 ut
464 2785 499 2850 in
522 2786 615 2854 codd.
641 2786 696 2873 (cf.
723 2787 758 2854 C.
782 2787 883 2856 Vind.
911 2792 962 2856 85.
1006 2791 1127 2876 Iaee‘pr't
1150 2791 1308 2878 prologos
1339 2787 1391 2851 Se·

166 2891 250 2954 dolii
272 2893 425 2954 rhetora.
445 2945 451 2957 .
471 2891 492 2980 .)
517 2898 551 2957 et
575 2894 617 2959 ab
642 2894 836 2959 auctoribus
860 2894 1054 2980 (Paschasio
1081 2894 1265 2975 Ratberto,
1303 2892 1390 2958 ilde·

165 2995 308 3082 phons0,
341 2996 491 3062 Nothero
520 2997 666 3064 Balbulo
698 2999 835 3086 orator).
874 3000 909 3066 A
939 3005 1054 3065 nostro
1080 2999 1216 3066 Scdulio
1254 3001 1392 3066 rhetore

167 3104 404 3170 discernendus
428 3109 480 3170 est
502 3104 659 3172 Sedulius
683 3107 742 3173 ille
765 3108 938 3174 Romanus
951 3112 974 3193 ,3)
1014 3109 1086 3184 ,vir
1118 3109 1161 3174 ad
1183 3108 1316 3174 modum
1341 3109 1393 3174 in-

166 3213 263 3298 genio
294 3219 414 3278 acutus
450 3220 553 3302 atque
588 3215 849 3304 eloquentia
873 3216 992 3283 satis
1027 3215 1258 3296 floridus“,
1290 3236 1386 3301 quem

167 3342 240 3386 cum
253 3319 386 3404 Regula
402 3323 545 3408 quodam
562 3322 758 3411 Cappadoee
778 3325 818 3391 de
833 3325 945 3391 verbis
970 3322 1172 3396 inchoativis
1196 3323 1386 3390 conflixisse

165 3423 333 3510 Virgilius
363 3426 458 3492 Maro
495 3427 536 3493 de
567 3433 641 3495 octo
672 3437 761 3517 part.
793 3435 878 3496 orat.
913 3435 1116 3496 auctorest.
1152 3429 1206 3514 (cf.
1239 3433 1283 3495 A.
1307 3429 1390 3494 Mai.

168 3536 255 3594 auct.
282 3529 323 3595 cl.
348 3531 389 3600 V.
414 3556 446 3619 p.
471 3537 513 3600 45
539 3535 591 3618 s).

275 3635 496 3703 Trithemium
527 3641 629 3706 etiam
657 3641 692 3706 in
721 3641 795 3708 vita
830 3639 960 3706 Sedulii
992 3663 1151 3707 enarrare
1187 3647 1323 3730 poetam
1354 3641 1391 3706 in

166 3741 298 3810 Achaia
318 3753 492 3812 versatum
512 3771 584 3816 esse
602 3771 705 3837 supra
724 3749 989 3815 memoravimus.
1014 3747 1056 3813 In
1076 3747 1191 3814 eadem
1211 3750 1388 3837 provincia

166 3851 398 3917 Macedonium
422 3856 525 3921 etiam
548 3862 583 3923 et
598 3880 680 3945 quos
692 3857 803 3924 socios
820 3840 966 3922 eiusdem
983 3864 1217 3922 commemorat
1233 3857 1381 3945 epistula

279 4092 516 4160 Udpiffis

320 4191 326 4196 '
384 4181 506 4232 Convenit
525 4182 637 4232 Heliae!
655 4182 745 4232 merito
765 4183 814 4247 qui,
836 4192 859 4232 et
877 4183 979 4232 nornine
992 4184 1110 4248 fulgere,

381 4273 441 4322 Hae
460 4290 506 4338 ope
526 4273 624 4337 digram
644 4281 714 4322 eret:
733 4291 795 4324 nom
814 4274 837 4322 ei
855 4274 978 4324 sermonis
998 4274 1087 4324 achivi

390 4359 448 4410 Una
462 4377 514 4426 por
533 4368 665 4410 occentum
682 4367 795 4410 mercetur
814 4361 907 4424 littera,
927 4363 964 4411 ecl
984 4369 1028 4411 est.

273 4449 292 4517 ⁴²)
313 4452 476 4518 Principiam
495 4470 526 4502 ce
541 4453 629 4518 florae.
651 4451 720 4502 hanc
741 4451 821 4517 alpha
840 4451 952 4502 viderier
972 4453 1043 4502 hune
1063 4469 1092 4501 ω.

274 4539 294 4607 ³)
313 4540 431 4590 Eundem
450 4538 648 4604 grammaticum
668 4546 694 4589 et
713 4540 844 4590 rhetorem
861 4544 995 4590 auctorem
1015 4555 1071 4590 esse
1091 4538 1234 4589 Commenti
1255 4538 1283 4587 in
1305 4540 1389 4602 Euty-

167 4629 223 4679 chis
243 4633 326 4680 artem
347 4630 378 4679 de
398 4629 422 4679 d.
443 4645 463 4680 c.
484 4632 562 4694 putet
580 4629 705 4691 Hegenus
725 4627 817 4696 (Aned,
838 4629 913 4679 Helv.
933 4644 959 4692 p.
979 4624 1108 4692 LXXIX).
