3196 5196
730 437 771 448 -
822 343 953 465 46..-

227 573 297 637 sius
310 571 362 658 (L.
379 571 419 640 G.
434 573 461 639 I.
478 575 564 657 786).
591 574 707 663 Atque
727 575 851 642 nititur
874 574 942 640 viri
966 577 1055 642 docti
1068 575 1179 662 opinio
1193 576 1320 642 Diouili
1334 578 1460 666 verbis,

227 704 313 768 quae
326 681 534 768 epigramma
550 691 748 771 sequuntur,
763 685 832 751 his:
854 685 949 768 „Non
958 685 1058 752 debet
1067 685 1193 770 mirari,
1204 687 1292 774 quod
1303 685 1339 750 in
1351 685 1461 772 primo

226 787 299 851 loco
324 787 457 873 septimi
483 796 516 851 et
540 790 652 853 octavi
677 813 796 854 uersus
821 791 961 856 istorum
999 791 1269 876 amphimachrus
1295 792 1462 878 scriptum
1559 797 1563 804 '

228 920 295 980 est:
336 915 491 1002 quoniam
516 901 584 1003 (qm
608 915 715 1001 codd.)
732 921 770 979 ut
787 937 862 980 reor
885 938 951 979 non
974 916 1156 1002 imperitia,
1174 917 1233 981 sed
1250 918 1461 982 auctoritate

226 1021 374 1085 aliorum
397 1027 574 1106 poetarum
591 1025 614 1102 1)
640 1026 674 1085 et
698 1021 841 1084 maxime
858 1020 1009 1106 Virgilii,
1028 1044 1126 1109 quem
1149 1021 1182 1085 in
1200 1021 1329 1089 talibus
1347 1015 1460 1090 causis

226 1132 342 1192 noster
377 1129 552 1193 simulavit
588 1127 766 1210 Seduiius,
801 1130 858 1217 qui
890 1130 925 1193 in
961 1129 1104 1194 heroicis
1140 1125 1344 1196 carminibus
1382 1155 1461 1199 raro

226 1235 327 1322 pedes
362 1235 489 1301 alienos
523 1241 564 1304 ab
597 1237 666 1302 iilis
692 1243 909 1323 posuerunt“.
959 1238 1009 1303 At
1045 1238 1259 1304 fallebantur
1293 1238 1363 1321 illi,
1401 1241 1460 1326 qui

225 1343 395 1430 putabant
421 1343 604 1408 Diouiiium
629 1343 820 1408 deSeduiic
845 1349 960 1408 nostro
985 1345 1163 1430 cogitasse.
1190 1343 1347 1430 Apparet
1372 1347 1461 1411 euim
1532 1415 1535 1422 ⁴

227 1450 327 1517 Scotc
364 1452 523 1516 monacho
559 1452 612 1516 illi
646 1451 718 1516 loco
755 1452 860 1517 citato
898 1475 963 1516 non
1001 1451 1174 1516 Seduiium
1210 1460 1364 1516 nostrum
1399 1452 1460 1516 sed

226 1558 400 1624 Sedulium
418 1559 632 1646 scotigenam
649 1562 681 1644 (i.
708 1584 734 1627 e.
759 1560 935 1642 iuniorem)
952 1562 1168 1625 obversatum
1186 1581 1258 1624 esse
1280 1559 1335 1642 (cf.
1354 1580 1461 1647 supra

223 1689 255 1752 p.
284 1667 349 1751 12).
398 1666 526 1732 Omitto
551 1667 722 1754 inquirere
746 1668 781 1732 in
805 1667 966 1756 opuscula
1002 1667 1175 1754 quaedam,
1202 1690 1287 1754 quae
1321 1669 1459 1756 quidem

225 1775 303 1840 olim
328 1775 429 1840 dubia
446 1776 578 1840 ratione
596 1775 731 1841 Sedulio
748 1777 953 1858 tribuebant,
972 1800 1058 1842 nunc
1076 1782 1187 1841 cutem
1202 1777 1292 1840 inter
1310 1775 1457 1841 aliorum

222 1888 398 1969 poctarum
430 1883 577 1948 carmina
608 1889 737 1948 certum
768 1883 876 1948 locum
908 1883 1062 1948 obtinent
1098 1882 1149 1968 (cf.
1181 1885 1300 1948 Arntz.
1333 1884 1456 1972 praefi,

224 1991 328 2058 Areu.
352 2015 468 2078 praev,
494 2015 526 2078 p.
552 1997 604 2059 31.
632 1993 723 2080 seq).

331 2098 484 2186 Denique
516 2104 604 2164 inter
637 2099 785 2165 carmina
815 2099 946 2179 incerta
979 2099 1206 2182 Arntzenius,
1241 2098 1331 2164 inter
1363 2114 1461 2166 certa

223 2205 397 2271 Arevaius
422 2207 528 2272 refert
555 2207 704 2292 „Sedulii
735 2209 975 2295 epigramma“,
1003 2208 1091 2295 quod
1120 2231 1161 2272 ex
1193 2207 1319 2292 scripto
1345 2204 1460 2271 codice

224 2315 323 2401 Casp.
348 2316 522 2397 Barthius,
549 2317 694 2382 Advers.
721 2317 777 2384 iib.
803 2317 844 2384 X.
871 2341 896 2382 c.
923 2316 981 2382 IV.
1008 2316 1167 2403 protulit,
1204 2322 1341 2380 auctore
1369 2315 1458 2379 Are-

223 2421 300 2486 valo
325 2421 361 2485 in
385 2421 477 2488 codd.
502 2421 680 2487 Vaticanis
705 2423 807 2488 etiam
832 2422 1002 2509 reperitur
1025 2421 1080 2504 (cf.
1106 2421 1227 2484 Arntz.
1254 2418 1303 2488 ed.
1330 2446 1361 2509 p.
1380 2425 1457 2500 266,

223 2531 327 2597 Arev.
367 2554 399 2616 p.
435 2532 522 2618 381).
571 2531 664 2596 idem
697 2532 904 2617 epigramma
940 2529 1010 2594 sine
1047 2528 1267 2614 inscriptione
1303 2527 1460 2615 equidem

222 2635 291 2721 legi
314 2636 347 2700 in
374 2637 445 2702 cod.
470 2636 574 2702 Laur.
604 2640 653 2702 12.
680 2637 766 2723 plut.
795 2639 847 2721 21,
874 2660 900 2700 s.
925 2635 986 2700 XI.
1012 2635 1083 2701 tale
1108 2637 1195 2720 (post
1214 2633 1375 2718 hymnum
1403 2633 1457 2716 1.),

272 2733 277 2741 ’
387 2743 475 2806 Haec
498 2757 552 2805 tuo
570 2757 742 2830 perpetuae
768 2741 882 2830 [quoe]
907 2745 1025 2828 scrn'psi
1046 2743 1194 2828 dopmoio
1219 2743 1308 2818 ritae,

389 2851 490 2915 Corde
513 2876 579 2915 meo
601 2853 718 2935 focius
746 2851 873 2930 Christe,
899 2874 1026 2914 monere
1049 2847 1175 2936 royda)

389 2961 437 3039 Ut,
462 2961 621 3045 6616060
639 2961 802 3046 placeant,
828 2973 884 3024 tete
907 2957 1068 3044 focenieb)
1086 2961 1248 3044 requirens

388 3066 519 3130 Garrdr'o
544 3069 701 3132 coelorum
725 3083 753 3132 to
777 3069 863 3148 doce,
894 3067 1022 3146 0166666,
1047 3081 1170 3130 metum.

327 3170 534 3252 Audiamus,
567 3196 652 3260 quac
685 3173 731 3238 sit
754 3173 907 3255 Barthii,
935 3173 1000 3242 viri
1027 3171 1162 3258 ingenio
1188 3170 1375 3236 acutissimi
1412 3171 1453 3236 de

220 3279 283 3345 hoc
307 3281 549 3367 epigrammate
575 3282 685 3368 opinio
704 3303 727 3346 .·
751 3281 844 3347 Dicit
867 3283 889 3346 1.
916 3305 941 3346 6.
986 3281 1080 3366 „Non
1097 3302 1176 3344 vero
1202 3278 1376 3364 indignum
1400 3286 1454 3343 est

222 3383 357 3452 Sedulio
384 3388 445 3454 hoc
470 3390 758 3476 epigrammatica,
778 3413 878 3476 quum
894 3389 1036 3453 maxime
1049 3387 1104 3452 vei
1121 3411 1162 3452 ex
1179 3409 1216 3451 eo
1236 3387 1307 3452 eius
1323 3386 1453 3451 indoles

223 3495 364 3576 eluceat,
392 3495 479 3582 quod
504 3518 641 3561 acumen
665 3497 700 3560 in
723 3494 852 3560 voculis
889 3494 1029 3582 paribus
1066 3499 1137 3574 „te‚
1168 3497 1239 3572 tua,
1276 3498 1352 3574 tete,
1388 3493 1454 3559 tibi

222 3604 387 3691 quaerit“:
414 3604 501 3691 quod
526 3627 631 3690 genus
657 3628 731 3669 cum
753 3603 932 3668 honestate
957 3602 1100 3689 quadam
1126 3606 1220 3666 amat
1242 3600 1297 3665 hic
1322 3599 1453 3665 Christi

222 3711 324 3776 oior.“
377 3711 558 3778 Dissentio
595 3712 761 3800 Equidem
784 3717 867 3800 puto
891 3711 967 3776 ilios
991 3733 1111 3776 versus
1134 3709 1293 3776 mediocri
1316 3707 1453 3793 ingenio

221 3819 355 3885 librarii
380 3821 554 3887 cuiusdam
572 3822 627 3906 (cf.
643 3826 771 3910 scrqori)
789 3821 915 3903 deberi,
932 3842 1040 3909 neque
1057 3819 1201 3885 concedo
1218 3817 1316 3883 iliam
1334 3838 1453 3901 „vocu-

221 3925 330 3989 Iorum
364 3926 517 4012 parium“
555 3929 744 4014 congeriem
775 3950 815 3993 ex
846 3926 976 3992 Sedulii
1010 3925 1121 3991 indole
1155 3947 1237 3991 esse.
1295 3921 1455 3988 Ceterum

332 4127 350 4193 ι)
369 4127 483 4179 Addidit
501 4125 550 4176 hoc
568 4123 742 4175 locoRiesius
764 4123 956 4188 „estfactum“.
990 4121 1042 4173 Sed
1063 4121 1138 4186 prius
1158 4121 1183 4170 ei
1203 4123 1367 4171 contractum
1385 4119 1455 4171 illud

222 4205 269 4284 qm
284 4216 469 4282 explicandum
494 4217 559 4264 crat.
596 4212 727 4276 Equidem
752 4213 817 4276 puto
837 4210 947 4260 verbum
965 4209 1063 4274 prioris
1087 4208 1236 4258 sentcntiae
1255 4206 1382 4274 (scriptus
1402 4209 1455 4274 est)

221 4310 354 4376 pertinere
387 4308 467 4357 etiam
491 4305 524 4356 ad
544 4321 581 4366 ca,
612 4319 678 4368 quae
704 4306 858 4367 sequantur.
895 4301 1014 4352 Eundem
1044 4301 1186 4350 verborum
1216 4298 1347 4360 ordinem,
1378 4311 1455 4360 quem

222 4399 357 4464 proposui,
382 4396 489 4447 exhibet
508 4394 564 4446 cod.
584 4395 664 4446 Marc.
687 4391 745 4448 113.
775 4408 795 4443 s.
815 4392 865 4443 XV
883 4391 927 4459 (cf.
949 4392 1027 4442 catal.
1048 4391 1152 4441 Valent.
1171 4392 1234 4440 tom.
1253 4389 1299 4439 VI.
1319 4404 1344 4453 p.
1364 4383 1417 4452 69).

328 4491 350 4551 ⁰¹)
374 4490 463 4551 Corde,
483 4506 547 4553 ropo
563 4488 662 4554 focius,
685 4486 791 4548 Cirr-iste,
812 4501 917 4535 incinere
935 4501 997 4534 meo.
1027 4482 1121 4533 Arnrz.
1142 4480 1220 4530 Arev.

328 4575 351 4640 ⁶)
370 4577 467 4628 Contra
486 4578 610 4639 metrum3
635 4575 744 4638 fautore
763 4573 856 4623 Arnta.
879 4571 1002 4622 Faciendi
1021 4571 1101 4621 Arev.
1124 4581 1157 4619 ex
1178 4566 1360 4618 emendatione
1381 4565 1456 4616 Socii

223 4665 340 4717 editoris.
