3272 5200
1376 11 1629 210 -,

746 349 992 413 —120—

353 523 417 587 165
441 521 623 611 sumpsistis
644 527 755 613 pratis,
780 528 898 591 canals
921 527 1091 614 impendite
1113 528 1223 615 pratis.

337 631 414 715 [227
439 631 482 696 Et
513 633 596 697 uasti
632 636 749 719 premit
788 658 866 698 arua
907 635 991 721 freti
1024 635 1208 722 plaucisque
1235 634 1394 717 fluentis?

1081 742 1123 813 cf.
1146 741 1251 810 Arev.
1275 733 1363 828 ann]

292 844 325 912 V
393 850 415 915 4
437 849 513 914 Non
536 850 642 932 aliam,
666 851 721 916 secl
742 875 854 916 rursus
878 873 952 932 eom,
977 875 1072 936 quam
1095 874 1221 915 numere
1238 851 1378 936 plenem.

336 953 416 1039 [100
440 953 602 1038 Sustinuit,
626 970 812 1044 nostraeque
835 957 923 1022 dedit
944 981 1004 1021 sua
1027 963 1166 1021 mambra
1187 954 1310 1044 saluii]

352 1060 419 1126 250
442 1061 506 1128 See
521 1065 637 1151 pietas,
662 1065 817 1129 immensa
839 1086 946 1152 capas,
964 1066 1164 1152 properabat
1187 1064 1232 1128 ad
1254 1065 1392 1132 77777777.

337 1171 416 1256 [403
440 1171 528 1236 Hinc
551 1175 662 1237 etenim
685 1172 850 1251 abluimur,
875 1178 930 1238 boc
946 1175 1120 1261 pascemur,
1145 1173 1426 1257 interamnam]

289 1294 322 1362 V
345 1299 411 1364 277
435 1297 565 1365 codices
588 1323 655 1366 non
677 1300 776 1388 pauci
800 1300 902 1367 etiam
923 1299 1108 1370 1177771307
1133 1302 1318 1388 praebent:

500 1406 590 1470 Mors
611 1407 747 1472 stimulis
769 1407 931 1472 horrenda
953 1407 1036 1472 tuis?
1059 1431 1140 1492 quae
1161 1431 1282 1493 semper
1306 1403 1431 1490 omme.

361 1510 413 1578 At
434 1510 471 1576 in
494 1510 588 1578 codd.
613 1510 855 1577 vetustissimis
885 1510 994 1600 iisque
1023 1509 1332 1597 praestantissimis
1360 1529 1486 1576 versus

253 1615 302 1682 sio
324 1616 487 1683 habetur:
511 1618 602 1682 Mors
618 1618 762 1682 stimulus
777 1618 938 1683 borrenda
954 1629 1063 1702 tuusq:
1085 1641 1205 1703 semper
1227 1618 1340 1704 opimis
1357 1615 1481 1684 Ambr.

253 1740 385 1811 tuusque
408 1723 511 1791 Teur.

272 1893 276 1908 ι
360 1850 739 1940 Praetereapostrema
762 1851 898 1938 syllaba
922 1852 1063 1918 duorum
1085 1851 1142 1917 vel
1156 1850 1305 1939 plurium
1320 1870 1486 1916 versuum

254 1955 411 2023 similiter
435 1979 535 2046 saepe
559 1958 651 2025 cadit
663 1962 686 2044 1)
710 1959 752 2027 cf.
776 1959 932 2048 inprimis
955 1961 973 2027 I
999 1962 1175 2027 183-185

466 2064 570 2146 1777777,
594 2081 622 2130 et
644 2067 776 2131 bumani
795 2080 910 2132 metam
932 2092 995 2132 non
1019 2069 1147 2154 coutipit
1171 2067 1250 2131 aeui.

470 2174 572 2252 Quam
596 2176 670 2240 bene
685 2174 841 2261 fulminei
854 2177 1047 2263 praelucens
1068 2181 1178 2241 semila
1201 2175 1288 2240 caeli.

187 2257 192 2268 '
250 2275 458 2357 Iam-es,
484 2280 549 2346 284
573 2301 642 2367 seq.

429 2404 602 2470 Iabertalis
624 2428 721 2493 opera,
745 2407 879 2472 radians
901 2409 956 2472 ubi
978 2411 1069 2495 repia
1090 2407 1190 2491 fuluis

431 2513 556 2577 Emicat
571 2515 657 2606 'aula
680 2515 778 2595 tbolis,
802 2516 857 2580 ubi
879 2515 976 2579 datur
999 2516 1100 2603 aliqua
1118 2515 1253 2600 petenti,

434 2620 602 2697 Quaerenti
620 2645 689 2709 spes
712 2636 796 2687 certa
819 2637 933 2703 manet,
958 2623 1163 2707 claustrisque
1186 2621 1310 2686 reneotis

430 2728 544 2794 Peraia
564 2730 714 2814 pulsanti,
739 2744 920 2795 reserantur
946 2731 1060 2796 limina
1084 2731 1181 2796 cordi,

249 2855 283 2900 v.
308 2835 494 2917 322-323,
520 2841 706 2920 343-344,
732 2841 925 2923 345-3463
957 2838 995 2904 Π
1020 2842 1116 2920 1-2‚
1149 2840 1291 2920 36-37,
1323 2839 1367 2904 48
1400 2859 1476 2927 seq:

414 2941 499 3018 Quae
521 2967 603 3009 noea
626 2945 683 3008 lua
705 2946 834 3026 mundo,
859 2970 937 3032 quae
959 2958 1022 3010 toto
1044 2947 1153 3034 pratia
1176 2946 1290 3010 caelo?

414 3047 492 3126 Qua
507 3049 627 3135 fuit'l
601 3074 613 3112 7
628 3051 713 3114 leni
713 3064 773 3131 tor,
796 3051 925 3115 Mariae
947 3075 1043 3136 quum
1071 3049 1212 3116 Christus
1235 3057 1274 3115 ab
1298 3051 1372 3114 olco

411 3157 565 3223 Processit
553 3160 756 3246 esplendore
778 3160 882 3224 nouo?
912 3159 1042 3224 Velut
1027 3183 1094 3246 cprse
1118 3159 1237 3222 decoro.

1624 3149 1626 3218 7

249 3265 940 3350 51-52‚5s-so,ss-es‚1,01-102
968 3269 1153 3348 104-105,
1187 3268 1373 3344 res-200,
1410 3265 1476 3331 noe

338 3375 373 3436 et
396 3372 471 3453 207,
487 3373 684 3452 2,21-222
710 3376 772 3439 241
757 3374 897 3456 1-242,
923 3375 989 3441 244
1012 3394 1081 3461 seq

413 3477 510 3545 Sanc
498 3483 591 3566 7177
592 3507 631 3545 ur
653 3484 707 3547 ubi
729 3481 898 3563 Dominus,
923 3483 981 3567 qui
1002 3495 1116 3546 cuncta
1140 3482 1281 3546 creando

413 3588 509 3650 Sanct
497 3587 605 3671 771777,
631 3590 693 3653 nisi
716 3587 810 3652 corde
825 3589 896 3674 pio,
920 3588 984 3652 nesi
999 3600 1127 3674 pectore
1151 3601 1236 3650 casto

416 3693 456 3757 Ut
478 3718 655 3759 mereamur
678 3719 747 3760 eune
770 3718 827 3759 nos
849 3695 1048 3776 sanctificare
1072 3718 1107 3758 co
1108 3694 1212 3758 l.endo

250 3799 436 3883 ees-266,
462 3804 649 3886 270-271,
673 3805 861 3884 290-291,
887 3804 1082 3885 ees-3003
1107 3800 1163 3865 ΙΠ
1187 3803 1281 3867 tos.

419 3909 497 3975 Voce
518 3913 622 3995 simul,
647 3915 791 3978 miserere
814 3912 939 3995 7777771),
963 3912 1108 3976 neumare
1127 3912 1271 3997 perimus

409 4015 543 4082 Auailio
565 4043 712 4084 succurre
728 4022 798 4106 pio,
822 4019 871 4084 nil
893 4031 964 4083 oota
988 4030 1129 4082 moratus
1251 4097 1254 4110 ι

410 4123 580 4212 7777777777
602 4125 758 4191 Dominus
776 4175 915 4194 ......
1020 4175 1025 4184 -

251 4289 464 4300 Ἠ-

359 4360 379 4430 1)
398 4363 474 4426 Quod
496 4365 576 4415 etiam
599 4364 628 4414 in
647 4363 756 4428 Virgilii
776 4363 936 4415 carminibus
954 4377 1008 4414 non
1025 4377 1086 4413 raro
1105 4361 1143 4424 717,
1164 4361 1197 4413 cl.
1216 4361 1272 4412 Ecl.
1291 4360 1330 4411 IV
1348 4355 1469 4423 50-51.

247 4449 273 4500 X
285 4447 387 4517 8-1ος
407 4452 453 4504 Ge.
472 4454 501 4504 II
520 4449 669 4516 343-344,
690 4448 846 4518 500-501;
868 4451 912 4503 Ae.
933 4447 1134 4510 11459-462,
1160 4449 1212 4500 VII
1231 4444 1383 4512 795-798,
1402 4447 1476 4499 VIII

249 4533 399 4602 seo—623,
420 4537 460 4589 x1
479 4535 532 4594 886
552 4555 572 4591 s.

359 4625 377 4697 ²)
397 4629 445 4680 cito
464 4628 519 4684 cod.
540 4629 619 4682 Vind.
639 4626 700 4686 307.
