3196 5196
626 365 759 448 -'4o
805 423 849 438 ..

121 556 322 625 inscribitur
334 557 437 625 etiam
448 559 645 646 „Dedicatio
660 562 703 627 ad
720 557 946 628 Theodosium
958 559 1175 647 Augustum“
1201 557 1347 646 Legitur

121 662 156 728 in
180 663 302 731 Arntz.
327 664 557 750 praefatione,
590 665 689 755 apud.
714 664 856 734 Areval.
884 690 916 753 p.
941 667 1024 746 338,
1049 665 1085 730 in
1107 665 1218 733 Riesii
1240 666 1348 733 Anth.

122 768 183 835 lat.
208 792 241 834 n.
268 771 333 836 735
358 774 491 856 (versus
522 772 558 838 in
589 772 701 860 eapite
733 772 866 840 Sedulii
898 771 1087 856 scribendi).
1136 769 1235 852 Quod
1265 794 1348 859 opus

121 883 161 944 ut
185 876 324 944 Scdnlio
349 879 554 962 abiudicem‚
591 887 729 970 praeter
762 887 962 969 argumenta
986 883 1028 948 ab
1051 881 1239 948 Arntzenio
1263 880 1349 947 Are·

122 985 266 1075 valeque
291 994 454 1074 congesta
478 1012 517 1056 eo
550 991 714 1074 adducor,
746 991 835 1079 quod
869 1012 1004 1058 carmen
1040 1013 1148 1080 neque
1184 991 1221 1056 in
1255 989 1349 1058 codd.

122 1089 254 1157 Sedulii
285 1093 532 1182 antiquissimis
549 1097 572 1182 1)
606 1102 719 1162 exstat
749 1119 858 1184 neque
890 1100 932 1165 ab
963 1102 1100 1163 auctore
1124 1102 1240 1163 vetere
1270 1094 1341 1161 ullo

121 1196 293 1265 laudatur.
333 1199 387 1264 Ex
402 1199 581 1267 titulorum
599 1202 828 1290 discrepantia
843 1207 867 1292 2)
892 1204 1068 1290 colligitur
1085 1203 1189 1270 etiam
1205 1203 1350 1270 medium

121 1328 242 1371 aevum
273 1312 402 1373 certum
438 1309 596 1376 carminis
621 1315 792 1377 auctorem
814 1311 999 1398 ignorasse.
1037 1310 1135 1377 Nunc
1159 1332 1293 1376 carmen
1317 1311 1352 1375 in

121 1413 326 1483 editionibus
350 1417 502 1484 centonis
522 1418 653 1485 Probae
678 1419 817 1506 legitur,
843 1419 897 1486 cui
920 1419 955 1484 id
978 1418 1174 1486 adscribunt
1197 1417 1352 1484 nonnulli

123 1523 176 1608 (cf.
203 1525 374 1593 Taucheri
406 1528 467 1610 ed,
493 1528 616 1595 Arntz.
647 1529 781 1617 praefi).
830 1530 938 1595 Meam
965 1529 1005 1595 de
1030 1527 1188 1594 carminis
1213 1532 1351 1594 auctore

120 1631 309 1718 opinionem
344 1632 564 1701 dissidentem
598 1636 639 1700 ab
674 1634 751 1702 aliis
783 1636 850 1701 alio
875 1635 955 1702 loco
971 1657 1164 1724 proponam.
1210 1632 1266 1706 Ex
1289 1633 1352 1700 hoc

120 1737 267 1803 carmine
292 1739 429 1828 quidam
460 1747 696 1827 argumentum
727 1747 865 1807 sumunt
897 1741 952 1827 (cf.
978 1765 1011 1808 v.
1037 1743 1057 1808 3
1082 1764 1107 1808 s.
1127 1795 1133 1808 .
1153 1791 1187 1808 ..
1212 1742 1347 1828 dipcarc

120 1844 287 1912 Maronem
310 1847 470 1912 Matutam
492 1850 528 1913 c'a
551 1850 663 1914 melius
687 1851 792 1914 divino
814 1873 982 1937 agnoscere
1008 1851 1126 1935 sensu),
1151 1870 1215 1935 quo
1239 1848 1343 1913 ctiam

121 1958 295 2018 centonem
319 1952 548 2039 Virgilianum
574 1955 635 2036 „de
666 1954 917 2021 incarnatione“
944 1955 1001 2020 vel
1026 1955 1087 2040 „de
1115 1955 1211 2020 verbi
1243 1954 1354 2021 incar·

120 2060 278 2126 natione“
304 2058 504 2148 inscriptum
521 2061 575 2145 (cf.
593 2061 698 2127 Arev.
716 2085 748 2150 p.
767 2063 845 2146 384)
883 2059 1013 2127 Sedulii
1037 2081 1110 2126 esse
1134 2059 1350 2126 contendant.

121 2167 297 2235 Primuse
329 2170 441 2237 codiee
465 2170 660 2238 Corbeiensi
698 2172 786 2238 hunc
817 2175 991 2238 centonem
1021 2170 1128 2236 edidit
1161 2169 1364 2258 Martenius,

123 2278 159 2340 ct
183 2273 316 2341 Sedulii
341 2297 413 2341 esse
436 2277 575 2364 putavit
598 2299 636 2343 eo
661 2277 801 2358 ductuS‚
838 2276 927 2366 quod
956 2276 992 2342 in
1024 2276 1134 2342 codice
1158 2274 1354 2344 Corbeiensi

121 2385 199 2466 post
224 2380 335 2466 operis
357 2381 529 2468 paschalis
552 2381 678 2446 librum
704 2381 849 2470 primum
879 2381 938 2447 ille
969 2381 1109 2467 legitur.
1155 2381 1229 2448 Hoc
1252 2405 1352 2469 argu-

122 2495 272 2555 mentum
296 2509 347 2554 me
371 2512 437 2555 non
458 2497 582 2559 movet.
622 2490 783 2558 Martenii
807 2491 994 2580 opinionem
1018 2488 1125 2557 secuti
1149 2494 1355 2554 suntrecen·

122 2595 228 2662 tiores
263 2596 314 2662 rei
349 2598 541 2666 litterariae
589 2601 772 2689 scriptores
817 2606 856 2666 ut
894 2599 1062 2666 Baehrius
1104 2597 1157 2684 (L.
1192 2597 1261 2665 (inl
1291 2595 1353 2677 IV,

122 2705 561 2795 p.104)‚'00mparcttius
595 2709 725 2798 (Virgil
752 2709 798 2775 im
821 2708 1036 2790 Mlttelalter‚
1064 2706 1097 2773 S.
1122 2707 1188 2789 51).
1235 2703 1354 2792 Neque
1427 2695 1429 2700 ’

123 2833 201 2877 vero
227 2813 289 2879 hoc
313 2835 448 2879 carmen
472 2813 507 2877 in
530 2814 601 2880 ullo
625 2814 693 2880 alio
718 2814 830 2881 codice
853 2813 1037 2880 Seduliano
1065 2817 1200 2879 vetusto
1223 2810 1352 2896 legitur

124 2924 184 2986 aut
214 2919 318 2987 habet
349 2943 551 3010 quemquam
584 2929 737 2989 veterum
768 2929 945 2991 auctorum
975 2923 1198 2989 laudatorem.
1252 2919 1352 2985 Prae·

124 3034 218 3095 terea
243 3029 377 3112 dubito,
415 3053 494 3097 num
525 3031 561 3096 in
595 3032 706 3098 codice
737 3030 930 3098 Corbeiensi
954 3053 1089 3097 carmen
1112 3029 1199 3096 illud
1223 3027 1354 3094 Sedulii

124 3157 242 3201 nomen
272 3136 308 3201 iu
338 3139 449 3226 capite
480 3163 562 3228 pree
594 3164 630 3208 se
662 3140 762 3208 ferat.
812 3140 941 3222 Quodsi
966 3162 1099 3206 carmen
1134 3161 1202 3204 non
1235 3137 1353 3203 inscri-

127 3249 229 3332 bitur,
255 3251 367 3317 futilis
383 3252 546 3319 Martenii
570 3253 821 3340 argumentatio
845 3258 907 3333 est,
932 3273 1009 3317 nam
1032 3250 1123 3315 inter
1145 3265 1257 3313 omnes
1281 3265 1355 3309 con-

126 3364 214 3438 stat,
249 3381 473 3451 quamsaepe
501 3361 537 3426 in
561 3361 730 3429 codicibus
768 3362 872 3427 series
907 3359 1070 3426 librorum
1102 3351 1250 3423 cuiusvis
1281 3357 1352 3417 tur-

125 3465 224 3532 betur
247 3464 367 3531 alienis
392 3467 562 3554 opusculis
586 3466 807 3556 interpositis.
843 3465 997 3553 Denique
1025 3485 1141 3530 censeo
1167 3461 1349 3546 Sedufinm,

126 3569 266 3659 Virgilii
291 3572 475 3639 carminum
498 3579 568 3640 tam
593 3573 782 3640 studiosum
806 3578 908 3659 atque
933 3593 1077 3658 gnarum
1100 3574 1242 3658 poetam,
1259 3591 1355 3658 prae-

126 3681 275 3748 stantius
301 3704 384 3769 opus
408 3704 449 3748 ex
472 3681 626 3748 versibus
643 3680 847 3767 Virgilianis
867 3679 1130 3768 compositurum
1152 3677 1270 3754 fuisse.

231 3786 341 3852 Docet
358 3786 435 3874 Ger.
453 3787 689 3854 Meermannus
706 3786 880 3855 Sedulium
903 3792 1057 3853 nostrum
1083 3808 1156 3852 esse
1180 3793 1351 3854 auctorem

127 3892 382 3981 epigrammatis
406 3893 461 3978 (cf.
486 3894 530 3961 A.
554 3894 576 3960 l.
604 3897 668 3960 724
691 3892 764 3978 Β),
791 3893 879 3981 quod
902 3900 979 3980 post
1010 3890 1138 3956 Dicuili
1160 3891 1284 3958 librum
1308 3893 1348 3958 de

125 4020 285 4088 mensura
309 3997 398 4064 orbis
421 4005 535 4066 terrae
558 4000 687 4086 legitur
712 4000 766 4088 (cf.
790 4000 864 4066 Dic.
888 4021 920 4087 p.
941 4005 960 4066 3
985 3997 1036 4063 ed.
1055 3995 1214 4086 Walck.).
1246 4000 1353 4065 Meer-

125 4128 285 4172 mannum
310 4115 446 4176 secutus
477 4113 530 4211 est
552 4108 712 4196 Meyerus
738 4109 855 4196 (Anth.
873 4108 933 4176 lat.
958 4106 985 4172 Ι.
1011 4129 1043 4194 p.
1071 4109 1134 4172 113
1159 4108 1210 4190 s),
1233 4103 1354 4171 Graes-

236 4307 255 4375 1)
274 4306 404 4374 Equidem
423 4322 528 4360 carmen
546 4309 653 4359 nonnisi
671 4309 700 4359 in
719 4307 776 4360 cod.
789 4308 869 4359 Marc.
884 4305 937 4355 ism
950 4303 1058 4355 laudato
1071 4307 1133 4368 post
1145 4300 1246 4352 Liberii
1259 4313 1353 4350 vorsus

127 4395 289 4448 acrostichos
307 4396 361 4460 legi
379 4394 554 4461 inscriptione
573 4395 666 4448 addite
684 4396 764 4448 nulla

235 4484 255 4554 2)
275 4488 307 4537 In
326 4486 380 4539 cod.
399 4489 477 4541 haur.
493 4485 526 4542 15
539 4487 607 4552 plut.
622 4487 739 4538 XXXIII
759 4501 863 4538 carmen
882 4484 983 4536 Probae
997 4481 1137 4534 Faltonius
1156 4482 1261 4534 cantoni
1279 4496 1355 4547 prce·

127 4578 244 4630 mittitur
271 4577 446 4643 Inscriptione
473 4577 523 4628 hac
551 4577 662 4644 „incipit
686 4578 814 4644 proloqui
844 4577 982 4629 centonae“
1011 4575 1205 4640 subscriptione
1234 4576 1356 4643 „explicit
1387 4563 1391 4568 ’

127 4671 251 4737 proleque
269 4677 392 4721 centenae
408 4668 532 4735 probce“.
