3272 5200
8 563 11 627 ¹·
139 571 192 640 IV
214 577 254 641 21
281 595 350 661 seq.
379 575 467 660 (Nou
489 574 628 639 merdam
652 596 769 660 eeruqo
794 585 892 653 vorat,
918 596 984 638 uou
1008 575 1094 638 tiuec
1118 573 1233 648 sulcat)

634 403 684 490 ,-·
731 396 792 460 121
842 432 885 444 -

303 679 372 744 Nee
394 680 476 743 mate
499 681 653 766 defossum
669 679 855 764 famulatur
871 679 1005 766 fluibus
1029 701 1155 760 aurum,

304 787 420 852 ieiunis
438 789 614 874 quicunque
637 787 736 851 cibum
758 787 932 851 sitientibus
954 789 1095 852 haustum

301 895 488 984 Hospitibus
510 909 626 990 tectum,
650 896 747 960 rudis
770 897 909 982 icrqitur
932 897 1088 962 amictum.

142 999 194 1069 IV
218 1005 405 1088 183-184,
431 1007 595 1085 268-71,
621 1006 753 1071 ret-5
777 1002 856 1069 alia.

250 1107 382 1176 Deinde
406 1109 581 1178 Sednlinm
603 1111 638 1176 in
661 1111 785 1198 hymno
809 1111 918 1178 altero
942 1109 1037 1178 rimis
1062 1109 1247 1178 efficiendis
1263 1132 1364 1200 quam

144 1215 286 1282 maxime
318 1206 506 1298 studuisse,
544 1216 677 1284 ostendi
706 1216 743 1281 in
774 1215 1051 1304 commentatione
1084 1239 1199 1305 progr.
1227 1240 1259 1304 p.
1277 1220 1317 1283 31
1344 1237 1370 1283 S.

145 1319 195 1387 At
224 1342 290 1386 non
323 1320 432 1386 solum
465 1321 577 1403 rimis,
614 1321 799 1388 sedetiam
832 1321 909 1387 aliis
932 1323 1114 1388 verborum
1144 1343 1369 1411 versuumque

145 1429 352 1496 ornamentis
368 1431 504 1498 studuit
519 1430 687 1516 Sednlius‚
713 1430 842 1498 scilieet
856 1436 897 1497 ut
914 1431 1022 1498 aetati
1037 1431 1240 1498 facetiarum
1255 1430 1364 1495 cnius-

143 1535 197 1602 vis
221 1535 311 1602 modi
335 1536 485 1603 studioso
509 1537 735 1605 satisfaceret.

251 1640 424 1727 Hymnum
446 1642 591 1731 primum
613 1665 675 1730 per
698 1642 910 1731 epanalepsis
933 1643 1068 1710 schema
1092 1643 1271 1710 decurrere
1301 1643 1370 1710 iam

145 1767 250 1832 supra
280 1747 444 1814 monitum
472 1754 535 1817 est.
581 1749 665 1816 Alia
695 1757 808 1817 autem
839 1756 1110 1817 ornamentorum
1141 1772 1267 1838 genera
1303 1749 1372 1816 ani·

145 1851 339 1919 madvertas
362 1852 398 1917 in
421 1853 575 1921 versibus
598 1855 668 1922 his:
693 1855 732 1922 II
756 1859 798 1924 84
822 1877 892 1945 seq.

819 1963 1026 2049 ieqemque
1048 1963 1220 2050 ieqeudo

358 2065 505 2153 Neqiiqis
528 2079 556 2151 et
579 2067 674 2152 reqi
693 2090 831 2153 requm
857 2078 911 2130 tue
933 2091 1065 2154 reque
1088 2070 1235 2136 muteris.

212 2169 250 2234 H
294 2174 337 2238 99
365 2171 500 2238 Cerneres
524 2187 636 2238 cuuctc
658 2175 744 2254 deus,
762 2177 958 2260 praeseutia,
977 2177 1101 2262 prisce,
1120 2164 1252 2263 futuru.

277 2281 342 2346 100
365 2278 531 2367 Semper
577 2280 681 2360 adest,
728 2304 966 2367 semperque
1003 2282 1092 2368 fuit,
1139 2303 1376 2370 semperque

1163 2388 1308 2453 mauebit.

201 2474 253 2542 IV
276 2478 342 2542 275
365 2479 416 2542 Fi
424 2479 545 2543 ebeut
567 2501 746 2565 qermauue,
764 2478 905 2564 flebat
921 2479 1091 2565 populatio
1108 2499 1271 2565 praescus,

369 2587 517 2650 Flebat
541 2599 569 2650 et
592 2587 793 2672 omnipotens.
1279 2640 1282 2645 .

201 2689 254 2756 IV
279 2695 344 2758 308
372 2693 433 2772 Qut
466 2698 578 2783 reqit
613 2695 806 2776 aethereum,
844 2696 1056 2781 princeps
1095 2695 1137 2759 iu
1168 2693 1374 2781 principe

1164 2823 1340 2892 requiem.

418 2888 459 2956 cf.
485 2888 588 2954 etiam
610 2888 644 2955 V
661 2893 734 2958 142.

179 2992 212 3060 V
237 2993 300 3060 150
322 3017 347 3062 S.
371 2997 491 3062 Auctor
513 3000 621 3064 mortis
646 3014 720 3081 eret,
744 3001 848 3064 iussus
872 3001 926 3084 qui
948 3021 1066 3064 sumere
1088 3001 1189 3062 lucam

368 3103 489 3167 Auctor
511 3104 589 3168 luris
612 3119 688 3186 eret,
715 3107 816 3169 iussus
840 3097 898 3191 qui
916 3127 1038 3168 sumere
1060 3111 1201 3169 mortem.

232 3209 297 3274 279
322 3231 349 3275 S.
732 3261 792 3276 ...
817 3235 853 3276 eu
870 3214 1020 3300 pessima,
1044 3235 1107 3276 ucu
1131 3226 1165 3275 tu

368 3319 515 3386 Perueuis
539 3322 583 3385 cd
610 3319 775 3402 Christum,
800 3321 856 3384 sed
881 3319 1023 3385 Christus
1043 3322 1183 3407 peruenit
1206 3319 1250 3383 ad
1272 3333 1310 3382 te.

229 3426 296 3492 416
320 3447 345 3492 S.
369 3427 452 3492 Iude
473 3429 632 3514 sequenda
654 3428 776 3510 docens,
801 3428 945 3493 Pacem
967 3451 1081 3508 omues,
1117 3429 1230 3514 iuquit,
1253 3427 1369 3507 habete,

370 3531 513 3598 Pacem
528 3535 615 3620 ferte
637 3558 747 3615 mecm,
766 3557 911 3620 potem
928 3545 1056 3620 portate
1079 3535 1224 3618 quietem,

371 3640 512 3706 Pacem
530 3663 589 3719 per
605 3643 745 3728 populos
763 3690 771 3705 .
789 3694 796 3708 .
815 3689 823 3705 .

200 3745 257 3813 HI
301 3750 345 3814 24
371 3746 508 3838 Oppida,
533 3774 621 3831 rura,
647 3772 743 3831 casus,
767 3750 850 3815 vicos
873 3751 999 3815 castella
1015 3773 1206 3839 peruqruus,

198 3852 251 3921 IV
274 3856 339 3921 229
366 3852 455 3937 Orat,
478 3857 511 3920 iu
535 3855 678 3921 emtuusti
697 3855 791 3918 tribui
811 3855 869 3919 sibi
888 3855 976 3919 douo
999 3855 1119 3938 fluenti

218 3962 252 4030 V
276 3967 340 4030 103
363 3965 427 4030 His
450 3965 555 4052 alapis
577 3965 664 4029 uobis
687 3964 813 4028 leterius
834 3964 974 4029 murima
994 3963 1128 4051 plausit.

422 4075 456 4136 et
479 4067 613 4134 similia.
1086 4061 1088 4066 ’

227 4259 230 4274 Ι
257 4173 327 4244 Sub
365 4177 465 4244 finem
501 4177 602 4243 huius
642 4176 931 4245 commentationis
969 4183 1266 4244 commemorentur
1304 4178 1371 4246 loci

149 4273 316 4366 nonnulii,
352 4287 411 4353 ubi
433 4285 592 4352 Sednlius
614 4285 715 4352 metri
737 4306 842 4353 causa
863 4285 966 4369 paulo
989 4284 1224 4352 inusitatiores
1246 4286 1375 4356 formas

149 4391 314 4460 adhibuit.
353 4392 414 4458 Bis
445 4390 591 4458 ablativi
613 4390 827 4458 formonsus
849 4396 919 4458 est:
953 4390 1144 4480 praesepe&
1168 4390 1289 4476 1162,
1321 4392 1374 4463 IV

260 4609 280 4679 1)
299 4610 340 4663 Gt.
360 4611 461 4664 (theris.
482 4609 568 4676 1‚-15.
587 4611 668 4662 Neue.
687 4607 730 4676 (L.
748 4609 880 4664 Formenl.
899 4623 924 4673 p.
942 4605 1013 4676 231),
1034 4621 1116 4672 supra
1135 4623 1161 4673 p.
1175 4605 1219 4665 27.
