3196 5196
761 289 983 351 ..30-

261 487 345 546 rum,
363 489 503 555 quorum
524 489 566 532 ne
587 465 722 530 nomina
742 463 876 553 quidem
895 463 993 529 firma
1012 469 1102 542 sunt,
1126 463 1218 550 apud
1236 485 1288 528 me
1303 485 1370 528 uon
1380 462 1489 530 valet.

262 571 365 638 Haud
388 571 457 637 seio
482 593 526 636 au
549 593 591 636 ex
613 570 749 636 ratione
780 567 1015 634 acrostichidis
1045 567 1194 653 (nomina
1216 569 1306 634 enim
1329 567 1490 636 Sedulius

262 692 297 745 et
321 679 465 746 antistes
490 679 635 744 eundum
658 676 853 742 litterarum
876 697 1051 740 numerum
1073 675 1237 760 efficiunt)
1261 675 1320 742 illo
1337 678 1390 742 usi
1404 678 1487 744 sint.

259 790 310 854 At
333 789 528 854 testimonia
551 788 707 868 certiora,
739 785 894 873 inprimis
916 785 1054 868 Isidori,
1088 785 1146 872 qui
1177 787 1327 872 proxime
1357 785 1488 850 accedit

266 893 472 961 Sedulianae
487 894 604 976 aetati,
628 902 663 958 et
686 891 836 958 codicum
858 893 1149 979 praestantiorum
1171 892 1243 957 fere
1264 915 1325 957 uos
1348 903 1484 978 cogunt.

257 1014 297 1069 ut
331 1005 536 1070 arbitremur
560 1002 735 1068 Sedulium
760 1002 956 1090 presbyteri
977 1023 1115 1066 munere
1137 1001 1292 1066 functum
1315 1024 1397 1066 esse.
1443 1001 1487 1064 Iu
1575 1061 1576 1086 ,

255 1112 341 1198 ipsis
364 1119 483 1198 poetae
507 1108 663 1196 operibus
686 1109 803 1172 insunt
830 1106 1004 1195 quaedam
1029 1128 1116 1194 quae
1130 1117 1283 1172 nostram
1297 1108 1487 1194 opinionem

257 1221 470 1308 comprobare
492 1217 683 1282 videantur.
698 1224 709 1258 ¹
1575 1223 1576 1236 ¹

365 1324 570 1408 Quaeritur,
606 1325 664 1390 ubi
686 1331 787 1412 poeta
820 1323 960 1390 sedem
991 1345 1037 1388 ac
1069 1323 1338 1388 domicilium
1359 1325 1486 1391 habu-

257 1433 362 1514 erit,
398 1434 471 1500 ubi
506 1455 636 1520 opera
670 1432 1004 1518 conscripserit.
1054 1430 1200 1498 Solvunt
1243 1433 1484 1520 quodammodo

260 1543 488 1631 quaestionem
526 1541 656 1608 codices
694 1541 904 1627 fragmenta,
951 1564 1037 1629 quae
1075 1541 1119 1606 ad
1156 1542 1264 1606 vitam
1302 1541 1483 1628 pertinent,

259 1649 453 1717 exhibentes
476 1658 516 1717 ut
539 1649 634 1716 codd.
657 1649 759 1718 Vind.
785 1655 837 1717 85.
860 1651 966 1716 Ilaro.
991 1650 1047 1734 (ol
1064 1673 1167 1737 supra
1182 1675 1216 1738 p.
1231 1655 1284 1723 llil
1307 1651 1412 1716 Laur.
1431 1655 1482 1716 15.

258 1761 345 1849 plut.
361 1759 495 1826 XXIII.
519 1759 736 1847 Respondent
760 1759 1049 1845 interrogantibus
1077 1759 1173 1840 ,ubi“
1199 1759 1330 1841 (fecerit
1351 1781 1485 1824 carmen

256 1865 446 1956 paschale):
483 1873 536 1948 „in
560 1871 704 1934 Aclacb“
737 1869 842 1934 Marc.
878 1872 931 1951 ,in
955 1871 1100 1933 caclatass
1131 1867 1318 1955 depravata
1341 1866 1484 1932 lectione

255 1971 371 2056 Laur,
396 1973 522 2039 omittit
546 1996 743 2061 responsum
766 1973 867 2041 Vind.
892 1973 950 2061 qui
973 1980 1087 2038 tamen
1110 1972 1244 2038 exhibet
1275 1977 1335 2054 ,In
1357 1973 1484 2037 Achaia

257 2079 356 2143 lc'dros
386 2105 460 2143 auos
489 2082 639 2168 scripsa't“
673 2087 708 2146 et
739 2079 807 2144 alio
835 2079 907 2146 loeo
932 2080 1068 2162 „Edidit
1092 2079 1185 2162 (fort.
1201 2079 1356 2162 coadidit)
1380 2093 1484 2142 autem

257 2193 339 2253 banc
377 2189 494 2254 libram
533 2191 711 2277 ccaaqelici
745 2193 899 2254 carminis
935 2193 967 2253 ia
999 2191 1157 2254 Achar'a“.
1203 2187 1298 2252 Idem
1331 2187 1367 2250 in
1399 2185 1483 2265 vita,

262 2317 362 2384 quam
385 2319 489 2386 supra
502 2295 678 2363 Gennadio
702 2298 952 2386 adscripsimus,
976 2295 1114 2383 legitur,
1138 2303 1177 2362 ut
1193 2295 1235 2362 de
1249 2296 1315 2361 fide
1337 2301 1485 2382 nequeat

260 2403 420 2472 dubitari.

363 2512 459 2578 Nihil
483 2514 621 2602 insuper
645 2515 685 2580 de
706 2515 780 2580 vita
797 2514 927 2580 Sedulii
950 2515 1078 2580 referre
1100 2536 1279 2602 possumm
1301 2509 1369 2576 uisi
1390 2507 1484 2581 haec,

260 2641 347 2708 quae
365 2621 456 2708 apud
472 2621 696 2689 Trithemium
715 2625 879 2710 leguntur
904 2631 1145 2712 ,postremo
1167 2621 1366 2688 Achaiae
1388 2617 1488 2684 fini-

260 2727 339 2793 bus
381 2729 592 2794 excedeus
634 2729 679 2794 in
717 2731 824 2819 urbe
864 2730 996 2795 Roma
1040 2728 1242 2794 mirabili
1284 2726 1487 2794 doctrina

256 2835 410 2901 clarus
435 2835 662 2902 habetur“.
688 2833 785 2916 Quae
809 2858 885 2900 oum
908 2835 1042 2902 nonnisi
1065 2836 1109 2900 ad
1130 2841 1285 2900 nostrum
1307 2834 1381 2899 iure
1403 2831 1490 2897 refe

257 2948 395 3019 rantur,
432 2941 579 3008 fortasse
601 2964 684 3008 vera
708 2949 809 3023 sunt,
845 2965 1062 3032 quamquam,
1097 2964 1196 3029 quem
1225 2941 1285 3006 ille
1317 2947 1489 3008 auctorem

259 3054 395 3115 secutus
419 3049 475 3130 sit,
499 3049 703 3137 ignoramus.
739 3052 782 3117 In
805 3053 921 3120 eadem
943 3053 1028 3118 urhe
1051 3059 1186 3140 poetam
1210 3059 1380 3116 mortuum
1402 3070 1488 3128 esse,

256 3153 404 3221 fortasse
436 3157 532 3242 (cave
554 3164 702 3244 premas)
738 3181 776 3224 eo
800 3158 1028 3240 concluditur,
1069 3157 1158 3246 quod
1189 3158 1334 3224 Turoius
1365 3158 1488 3223 Rufius

259 3261 438 3344 Asterius,
473 3262 532 3350 qui
564 3261 701 3329 Sedulio
732 3268 865 3329 mortuo
889 3261 1039 3328 carmina
1062 3263 1200 3350 collegit
1224 3270 1258 3329 et
1281 3261 1487 3349 divulgavit,

266 3369 394 3436 Romae
408 3371 518 3437 sedem
533 3371 654 3439 habuit
678 3372 734 3457 (cl.
747 3373 874 3438 subscr.
887 3371 958 3438 cod.
971 3370 1068 3458 Virg.
1081 3371 1169 3438 Med.
1184 3371 1274 3459 apud
1286 3371 1385 3438 Ribb.
1400 3369 1488 3458 prol.
1572 3361 1573 3400 l

266 3501 299 3567 p.
313 3481 402 3564 222).
438 3477 619 3561 Quando
642 3487 770 3568 poeta
793 3487 983 3546 mortuus
1006 3480 1083 3562 sit,
1114 3503 1181 3548 nou
1204 3487 1490 3566 constatpneque

267 3585 443 3655 Sirmoudo
466 3589 551 3655 fides
573 3590 727 3656 habenda
744 3597 797 3656 est
811 3591 967 3656 narranti
983 3613 1024 3656 ex
1039 3591 1184 3677 integris
1200 3588 1368 3657 Gennadii
1384 3608 1492 3653 exem-

264 3691 417 3780 plaribus
442 3716 478 3760 se
501 3695 658 3762 didicisse
682 3695 857 3764 Sedulium
887 3696 973 3762 diem
1008 3718 1106 3762 suum
1142 3695 1263 3762 obiisse
1299 3694 1488 3762 Theodosio
1571 3705 1572 3710 ’

366 3875 387 3943 ¹)
406 3875 446 3928 Gi.
459 3877 486 3928 0.
499 3877 551 3941 pl
569 3873 613 3931 23·
626 3893 648 3930 a.

422 3965 476 4016 Car
493 3982 539 4032 epo
558 3965 691 4016 davidicis
709 3975 825 4016 raaudus
843 3965 960 4016 cautibus
977 3966 1043 4016 odas

419 4052 587 4105 thordaram
605 4069 730 4105 resonare
749 4055 843 4118 decem,
862 4063 1000 4122 sanctoque
1018 4064 1138 4108 verenter

416 4141 518 4194 Stare
536 4143 634 4195 choro
654 4145 859 4210 etploca'dia
877 4146 1050 4198 caelestia
1064 4147 1224 4212 psallere
1244 4145 1366 4206 verbis,

421 4231 502 4284 Claro
520 4231 676 4298 salutiferi
692 4244 791 4286 taceam
809 4235 941 4286 miracula
962 4234 1077 4285 Christi?

363 4321 413 4387 Ep.
424 4321 446 4374 I.
460 4321 493 4372 ad
506 4321 708 4376 Macedonium.
723 4361 729 4373 .
742 4363 748 4376 .
763 4323 798 4374 ad
810 4324 959 4375 iaciendum
970 4325 1051 4376 huius
1063 4325 1152 4390 operis
1165 4326 1364 4378 fundamentum
1382 4324 1415 4375 ob
1434 4324 1486 4375 hoo

265 4409 377 4461 maxima
394 4415 554 4476 provocatus
573 4411 686 4475 accessi,
705 4417 737 4462 ut
754 4412 823 4462 alios
842 4411 1155 4464 exhortationibus
1173 4413 1342 4465 veritatis
1361 4411 1401 4464 ad
1419 4412 1486 4464 sru-

259 4511 333 4562 gom
351 4497 460 4550 bonae
479 4499 600 4549 messis
619 4497 746 4562 invitam
766 4500 791 4549 si
810 4497 915 4564 quaudo
934 4498 1098 4550 infirmitatis
1116 4501 1248 4552 humanas
1274 4501 1349 4552 vitiis
1372 4499 1487 4551 forsitan
1569 4491 1570 4560 l

270 4587 412 4640 lacessitus
429 4587 576 4656 impugner,
595 4589 685 4643 verbis
702 4591 826 4657 proprias
845 4589 1035 4657 disputotmms
1053 4591 1170 4642 monitus
1188 4596 1322 4644 metuam.
1338 4628 1365 4645 ..
