<?xml version="1.0" encoding="UTF-8"?>
<!DOCTYPE html PUBLIC "-//W3C//DTD XHTML 1.0 Transitional//EN"
    "http://www.w3.org/TR/xhtml1/DTD/xhtml1-transitional.dtd">
<html xmlns="http://www.w3.org/1999/xhtml" xml:lang="en" lang="en">
 <head>
  <title>
</title>
<meta http-equiv="Content-Type" content="text/html;charset=utf-8" />
  <meta name='ocr-system' content='tesseract 3.04.00' />
  <meta name='ocr-capabilities' content='ocr_page ocr_carea ocr_par ocr_line ocrx_word'/>
</head>
<body>
  <div class='ocr_page' id='page_1' title='image "./deseduliipoetae00sedugoog_0069.png"; bbox 0 0 3272 5200; ppageno 0'>
   <div class='ocr_carea' id='block_1_1' title="bbox 772 341 995 408">
    <p class='ocr_par' dir='ltr' id='par_1_1' title="bbox 772 341 995 408">
     <span class='ocr_line' id='line_1_1' title="bbox 772 341 995 408; baseline -0.009 -16"><span class='ocrx_word' id='word_1_1' title='bbox 772 341 995 408; x_wconf 67' lang='lat'>..53-</span> 
     </span>
    </p>
   </div>
   <div class='ocr_carea' id='block_1_2' title="bbox 270 519 1496 822">
    <p class='ocr_par' dir='ltr' id='par_1_2' title="bbox 270 519 1496 822">
     <span class='ocr_line' id='line_1_2' title="bbox 270 519 1496 610; baseline -0.003 -20"><span class='ocrx_word' id='word_1_2' title='bbox 270 523 456 610; x_wconf 83' lang='lat' dir='ltr'>theologie,</span> <span class='ocrx_word' id='word_1_3' title='bbox 495 529 534 589; x_wconf 88' lang='lat' dir='ltr'>ut</span> <span class='ocrx_word' id='word_1_4' title='bbox 569 522 739 589; x_wconf 87' lang='lat' dir='ltr'>Auroram</span> <span class='ocrx_word' id='word_1_5' title='bbox 776 521 1027 608; x_wconf 75' lang='lat' dir='ltr'>(Aratoreml),</span> <span class='ocrx_word' id='word_1_6' title='bbox 1071 521 1315 600; x_wconf 57' lang='lat' dir='ltr'>Seduliunu</span> <span class='ocrx_word' id='word_1_7' title='bbox 1356 519 1496 608; x_wconf 81' lang='lat' dir='ltr'>Theopi·</span> 
     </span>
     <span class='ocr_line' id='line_1_3' title="bbox 272 627 1496 718; baseline -0.003 -22"><span class='ocrx_word' id='word_1_8' title='bbox 272 637 360 696; x_wconf 89' lang='lat' dir='ltr'>stam</span> <span class='ocrx_word' id='word_1_9' title='bbox 374 629 425 718; x_wconf 67' lang='lat'>(⁶2),</span> <span class='ocrx_word' id='word_1_10' title='bbox 450 629 663 696; x_wconf 87' lang='lat' dir='ltr'>Priscianum</span> <span class='ocrx_word' id='word_1_11' title='bbox 685 627 844 694; x_wconf 90' lang='lat' dir='ltr'>maiorem</span> <span class='ocrx_word' id='word_1_12' title='bbox 867 635 902 694; x_wconf 90' lang='lat' dir='ltr'>et</span> <span class='ocrx_word' id='word_1_13' title='bbox 924 627 1161 696; x_wconf 89' lang='lat' dir='ltr'>minorem...</span> <span class='ocrx_word' id='word_1_14' title='bbox 1193 651 1267 693; x_wconf 88' lang='lat' dir='ltr'>oum</span> <span class='ocrx_word' id='word_1_15' title='bbox 1298 627 1409 694; x_wconf 86' lang='lat' dir='ltr'>fratre</span> <span class='ocrx_word' id='word_1_16' title='bbox 1433 649 1496 692; x_wconf 89' lang='lat' dir='ltr'>suo</span> 
     </span>
     <span class='ocr_line' id='line_1_4' title="bbox 270 731 1284 822; baseline -0.004 -20"><span class='ocrx_word' id='word_1_17' title='bbox 270 737 355 802; x_wconf 91' lang='lat' dir='ltr'>bone</span> <span class='ocrx_word' id='word_1_18' title='bbox 378 736 535 801; x_wconf 83' lang='lat' dir='ltr'>memorie</span> <span class='ocrx_word' id='word_1_19' title='bbox 559 733 677 801; x_wconf 90' lang='lat' dir='ltr'>domno</span> <span class='ocrx_word' id='word_1_20' title='bbox 701 732 844 798; x_wconf 80' lang='lat' dir='ltr'>Addone</span> <span class='ocrx_word' id='word_1_21' title='bbox 867 731 965 819; x_wconf 90' lang='lat' dir='ltr'>plene</span> <span class='ocrx_word' id='word_1_22' title='bbox 988 733 1246 800; x_wconf 80' lang='lat' dir='ltr'>conscriberet.“</span> <span class='ocrx_word' id='word_1_23' title='bbox 1261 733 1284 822; x_wconf 84' lang='lat'>¹)</span> 
     </span>
    </p>
   </div>
   <div class='ocr_carea' id='block_1_3' title="bbox 178 854 1501 3083">
    <p class='ocr_par' dir='ltr' id='par_1_3' title="bbox 274 854 1494 1053">
     <span class='ocr_line' id='line_1_5' title="bbox 309 854 1494 952; baseline 0.002 -28"><span class='ocrx_word' id='word_1_24' title='bbox 309 935 312 952; x_wconf 72' lang='lat'>.</span> <span class='ocrx_word' id='word_1_25' title='bbox 375 858 513 925; x_wconf 84' lang='lat' dir='ltr'>Vetus</span> <span class='ocrx_word' id='word_1_26' title='bbox 538 864 695 952; x_wconf 86' lang='lat' dir='ltr'>auctor</span> <span class='ocrx_word' id='word_1_27' title='bbox 718 856 812 922; x_wconf 88' lang='lat' dir='ltr'>vitae</span> <span class='ocrx_word' id='word_1_28' title='bbox 835 854 1064 922; x_wconf 87' lang='lat' dir='ltr'>Adalberonis</span> <span class='ocrx_word' id='word_1_29' title='bbox 1088 856 1155 945; x_wconf 85' lang='lat' dir='ltr'>(ap.</span> <span class='ocrx_word' id='word_1_30' title='bbox 1181 857 1258 924; x_wconf 88' lang='lat' dir='ltr'>Pez.</span> <span class='ocrx_word' id='word_1_31' title='bbox 1284 858 1400 945; x_wconf 87' lang='lat' dir='ltr'>script.</span> <span class='ocrx_word' id='word_1_32' title='bbox 1427 879 1494 926; x_wconf 89' lang='lat' dir='ltr'>rer.</span> 
     </span>
     <span class='ocr_line' id='line_1_6' title="bbox 274 966 624 1053; baseline -0.006 -19"><span class='ocrx_word' id='word_1_33' title='bbox 274 966 391 1034; x_wconf 86' lang='lat' dir='ltr'>Austr.</span> <span class='ocrx_word' id='word_1_34' title='bbox 416 979 439 1032; x_wconf 88' lang='lat' dir='ltr'>t.</span> <span class='ocrx_word' id='word_1_35' title='bbox 467 969 496 1031; x_wconf 78' lang='lat'>2.</span> <span class='ocrx_word' id='word_1_36' title='bbox 523 989 554 1053; x_wconf 87' lang='lat' dir='ltr'>p.</span> <span class='ocrx_word' id='word_1_37' title='bbox 580 967 624 1048; x_wconf 88' lang='grc'>6).</span> 
     </span>
    </p>

    <p class='ocr_par' dir='ltr' id='par_1_4' title="bbox 178 1068 1501 1371">
     <span class='ocr_line' id='line_1_7' title="bbox 379 1068 1501 1160; baseline -0.004 -22"><span class='ocrx_word' id='word_1_38' title='bbox 379 1071 595 1160; x_wconf 79' lang='lat' dir='ltr'>„Philosophi</span> <span class='ocrx_word' id='word_1_39' title='bbox 612 1123 619 1138; x_wconf 95' lang='lat'>.</span> <span class='ocrx_word' id='word_1_40' title='bbox 639 1125 645 1138; x_wconf 89' lang='lat'>.</span> <span class='ocrx_word' id='word_1_41' title='bbox 666 1123 699 1139; x_wconf 94' lang='lat'>..</span> <span class='ocrx_word' id='word_1_42' title='bbox 724 1091 860 1149; x_wconf 87' lang='lat' dir='ltr'>cursus,</span> <span class='ocrx_word' id='word_1_43' title='bbox 897 1068 989 1148; x_wconf 86' lang='lat' dir='ltr'>vias,</span> <span class='ocrx_word' id='word_1_44' title='bbox 1026 1070 1176 1134; x_wconf 84' lang='lat' dir='ltr'>virtutes</span> <span class='ocrx_word' id='word_1_45' title='bbox 1209 1068 1359 1160; x_wconf 86' lang='lat' dir='ltr'>siderum</span> <span class='ocrx_word' id='word_1_46' title='bbox 1381 1069 1501 1135; x_wconf 90' lang='lat' dir='ltr'>rimati</span> 
     </span>
     <span class='ocr_line' id='line_1_8' title="bbox 272 1175 1501 1267; baseline 0 -25"><span class='ocrx_word' id='word_1_47' title='bbox 272 1184 368 1257; x_wconf 88' lang='lat' dir='ltr'>sunt,</span> <span class='ocrx_word' id='word_1_48' title='bbox 395 1186 564 1243; x_wconf 86' lang='lat' dir='ltr'>terrarum</span> <span class='ocrx_word' id='word_1_49' title='bbox 588 1177 701 1263; x_wconf 88' lang='lat' dir='ltr'>spatia</span> <span class='ocrx_word' id='word_1_50' title='bbox 725 1183 759 1242; x_wconf 91' lang='lat' dir='ltr'>et</span> <span class='ocrx_word' id='word_1_51' title='bbox 783 1185 919 1242; x_wconf 85' lang='lat' dir='ltr'>caetera</span> <span class='ocrx_word' id='word_1_52' title='bbox 942 1175 1132 1242; x_wconf 88' lang='lat' dir='ltr'>hominibus</span> <span class='ocrx_word' id='word_1_53' title='bbox 1160 1176 1333 1267; x_wconf 84' lang='lat' dir='ltr'>incognita</span> <span class='ocrx_word' id='word_1_54' title='bbox 1366 1177 1501 1242; x_wconf 77' lang='lat' dir='ltr'><strong>sollerti</strong></span> 
     </span>
     <span class='ocr_line' id='line_1_9' title="bbox 178 1281 819 1371; baseline 0.005 -24"><span class='ocrx_word' id='word_1_55' title='bbox 178 1345 183 1358; x_wconf 77' lang='grc'><strong>,</strong></span> <span class='ocrx_word' id='word_1_56' title='bbox 270 1281 534 1368; x_wconf 83' lang='lat' dir='ltr'>investigatione</span> <span class='ocrx_word' id='word_1_57' title='bbox 557 1283 819 1371; x_wconf 88' lang='lat' dir='ltr'>perdidicerunt.</span> 
     </span>
    </p>

    <p class='ocr_par' dir='ltr' id='par_1_5' title="bbox 433 1389 1161 1478">
     <span class='ocr_line' id='line_1_10' title="bbox 433 1389 1161 1478; baseline 0.001 -25"><span class='ocrx_word' id='word_1_58' title='bbox 433 1391 485 1454; x_wconf 78' lang='lat' dir='ltr'>Sic</span> <span class='ocrx_word' id='word_1_59' title='bbox 507 1415 566 1454; x_wconf 82' lang='lat' dir='ltr'>sne</span> <span class='ocrx_word' id='word_1_60' title='bbox 588 1391 719 1478; x_wconf 69' lang='lat' dir='ltr'>yentilee</span> <span class='ocrx_word' id='word_1_61' title='bbox 741 1391 930 1455; x_wconf 73' lang='lat' dir='ltr'>studuerunt</span> <span class='ocrx_word' id='word_1_62' title='bbox 951 1390 1026 1470; x_wconf 73' lang='lat' dir='ltr'>ficto</span> <span class='ocrx_word' id='word_1_63' title='bbox 1049 1389 1161 1454; x_wconf 78' lang='lat' dir='ltr'>Poetae</span> 
     </span>
    </p>

    <p class='ocr_par' dir='ltr' id='par_1_6' title="bbox 273 1493 1501 1800">
     <span class='ocr_line' id='line_1_11' title="bbox 436 1493 1453 1583; baseline 0.003 -26"><span class='ocrx_word' id='word_1_64' title='bbox 436 1495 649 1560; x_wconf 56' lang='lat' dir='ltr'>(troadisom&#39;s</span> <span class='ocrx_word' id='word_1_65' title='bbox 658 1517 815 1583; x_wconf 75' lang='lat' dir='ltr'>pompare</span> <span class='ocrx_word' id='word_1_66' title='bbox 831 1498 940 1577; x_wconf 69' lang='lat' dir='ltr'>morlia</span> <span class='ocrx_word' id='word_1_67' title='bbox 966 1499 1143 1582; x_wconf 70' lang='lat' dir='ltr'>troqe&#39;coqec</span> <span class='ocrx_word' id='word_1_68' title='bbox 1159 1496 1284 1562; x_wconf 80' lang='lat' dir='ltr'>boatu.“</span> <span class='ocrx_word' id='word_1_69' title='bbox 1311 1493 1340 1580; x_wconf 86' lang='lat' dir='ltr'>(I</span> <span class='ocrx_word' id='word_1_70' title='bbox 1356 1498 1395 1560; x_wconf 77' lang='lat' dir='ltr'>lt</span> <span class='ocrx_word' id='word_1_71' title='bbox 1411 1494 1453 1580; x_wconf 80' lang='lat' dir='ltr'>a.)</span> 
     </span>
     <span class='ocr_line' id='line_1_12' title="bbox 273 1601 1501 1692; baseline -0.002 -23"><span class='ocrx_word' id='word_1_72' title='bbox 273 1602 302 1669; x_wconf 77' lang='lat' dir='ltr'>lb</span> <span class='ocrx_word' id='word_1_73' title='bbox 337 1603 407 1669; x_wconf 90' lang='lat' dir='ltr'>ritu</span> <span class='ocrx_word' id='word_1_74' title='bbox 444 1604 607 1690; x_wconf 84' lang='lat' dir='ltr'>magistro</span> <span class='ocrx_word' id='word_1_75' title='bbox 642 1604 785 1692; x_wconf 89' lang='lat' dir='ltr'>pulchra</span> <span class='ocrx_word' id='word_1_76' title='bbox 819 1604 994 1671; x_wconf 88' lang='lat' dir='ltr'>mendacia</span> <span class='ocrx_word' id='word_1_77' title='bbox 1034 1625 1096 1670; x_wconf 89' lang='lat' dir='ltr'>sua</span> <span class='ocrx_word' id='word_1_78' title='bbox 1139 1626 1260 1691; x_wconf 87' lang='lat' dir='ltr'>parum</span> <span class='ocrx_word' id='word_1_79' title='bbox 1299 1601 1501 1690; x_wconf 82' lang='lat' dir='ltr'>posteritati</span> 
     </span>
     <span class='ocr_line' id='line_1_13' title="bbox 273 1711 1496 1800; baseline 0 -24"><span class='ocrx_word' id='word_1_80' title='bbox 273 1712 400 1793; x_wconf 84' lang='lat' dir='ltr'>futura,</span> <span class='ocrx_word' id='word_1_81' title='bbox 425 1713 576 1800; x_wconf 90' lang='lat' dir='ltr'>pulchris</span> <span class='ocrx_word' id='word_1_82' title='bbox 601 1714 826 1800; x_wconf 82' lang='lat' dir='ltr'>aenigmatum</span> <span class='ocrx_word' id='word_1_83' title='bbox 850 1712 1105 1780; x_wconf 79' lang='lat' dir='ltr'>adumbrare&amp;</span> <span class='ocrx_word' id='word_1_84' title='bbox 1136 1711 1308 1778; x_wconf 83' lang='lat' dir='ltr'>includere</span> <span class='ocrx_word' id='word_1_85' title='bbox 1341 1711 1496 1799; x_wconf 78' lang='lat' dir='ltr'>figuriS.“</span> 
     </span>
    </p>

    <p class='ocr_par' dir='ltr' id='par_1_7' title="bbox 271 1803 1499 2017">
     <span class='ocr_line' id='line_1_14' title="bbox 374 1803 1499 1911; baseline 0.001 -25"><span class='ocrx_word' id='word_1_86' title='bbox 374 1819 678 1906; x_wconf 84' lang='lat' dir='ltr'>Engelbertus</span> <span class='ocrx_word' id='word_1_87' title='bbox 704 1826 736 1906; x_wconf 66' lang='lat' dir='ltr'>(i</span> <span class='ocrx_word' id='word_1_88' title='bbox 762 1823 872 1911; x_wconf 76' lang='lat'>1331),</span> <span class='ocrx_word' id='word_1_89' title='bbox 909 1822 950 1888; x_wconf 87' lang='lat' dir='ltr'>de</span> <span class='ocrx_word' id='word_1_90' title='bbox 983 1803 1074 1909; x_wconf 83' lang='lat' dir='ltr'>grat.</span> <span class='ocrx_word' id='word_1_91' title='bbox 1110 1829 1143 1888; x_wconf 88' lang='lat' dir='ltr'>et</span> <span class='ocrx_word' id='word_1_92' title='bbox 1176 1821 1256 1889; x_wconf 91' lang='lat' dir='ltr'>virt.</span> <span class='ocrx_word' id='word_1_93' title='bbox 1280 1821 1325 1888; x_wconf 84' lang='lat' dir='ltr'>M.</span> <span class='ocrx_word' id='word_1_94' title='bbox 1351 1843 1499 1909; x_wconf 85' lang='lat' dir='ltr'>prooem.</span> 
     </span>
     <span class='ocr_line' id='line_1_15' title="bbox 271 1927 973 2017; baseline 0.004 -26"><span class='ocrx_word' id='word_1_95' title='bbox 271 1949 298 1992; x_wconf 92' lang='lat' dir='ltr'>c.</span> <span class='ocrx_word' id='word_1_96' title='bbox 323 1932 353 1993; x_wconf 80' lang='lat'>2.</span> <span class='ocrx_word' id='word_1_97' title='bbox 379 1927 445 2014; x_wconf 87' lang='lat' dir='ltr'>(ap.</span> <span class='ocrx_word' id='word_1_98' title='bbox 471 1927 549 1993; x_wconf 87' lang='lat' dir='ltr'>Pez.</span> <span class='ocrx_word' id='word_1_99' title='bbox 574 1927 659 1996; x_wconf 87' lang='lat' dir='ltr'>thes.</span> <span class='ocrx_word' id='word_1_100' title='bbox 686 1930 800 1996; x_wconf 89' lang='lat' dir='ltr'>anecd.</span> <span class='ocrx_word' id='word_1_101' title='bbox 825 1953 857 2017; x_wconf 90' lang='lat' dir='ltr'>p.</span> <span class='ocrx_word' id='word_1_102' title='bbox 882 1930 973 2012; x_wconf 81' lang='lat'>568).</span> 
     </span>
    </p>

    <p class='ocr_par' dir='ltr' id='par_1_8' title="bbox 379 2030 1499 2125">
     <span class='ocr_line' id='line_1_16' title="bbox 379 2030 1499 2125; baseline 0.003 -29"><span class='ocrx_word' id='word_1_103' title='bbox 379 2030 446 2116; x_wconf 87' lang='lat' dir='ltr'>„Et</span> <span class='ocrx_word' id='word_1_104' title='bbox 468 2032 529 2099; x_wconf 92' lang='lat' dir='ltr'>hoc</span> <span class='ocrx_word' id='word_1_105' title='bbox 553 2033 711 2102; x_wconf 84' lang='lat' dir='ltr'>Sedulius</span> <span class='ocrx_word' id='word_1_106' title='bbox 736 2035 839 2100; x_wconf 90' lang='lat' dir='ltr'>etiam</span> <span class='ocrx_word' id='word_1_107' title='bbox 873 2035 909 2100; x_wconf 91' lang='lat' dir='ltr'>in</span> <span class='ocrx_word' id='word_1_108' title='bbox 944 2059 1003 2102; x_wconf 88' lang='lat' dir='ltr'>suo</span> <span class='ocrx_word' id='word_1_109' title='bbox 1038 2035 1192 2125; x_wconf 86' lang='lat' dir='ltr'>paschali</span> <span class='ocrx_word' id='word_1_110' title='bbox 1226 2056 1326 2122; x_wconf 89' lang='lat' dir='ltr'>opere</span> <span class='ocrx_word' id='word_1_111' title='bbox 1361 2032 1499 2113; x_wconf 81' lang='lat' dir='ltr'>scribit,</span> 
     </span>
    </p>

    <p class='ocr_par' dir='ltr' id='par_1_9' title="bbox 272 2135 1495 2230">
     <span class='ocr_line' id='line_1_17' title="bbox 272 2135 1495 2230; baseline 0.006 -32"><span class='ocrx_word' id='word_1_112' title='bbox 272 2135 360 2224; x_wconf 92' lang='lat' dir='ltr'>quod</span> <span class='ocrx_word' id='word_1_113' title='bbox 383 2136 486 2202; x_wconf 82' lang='lat' dir='ltr'>matri</span> <span class='ocrx_word' id='word_1_114' title='bbox 510 2145 590 2204; x_wconf 82' lang='lat' dir='ltr'>anta</span> <span class='ocrx_word' id='word_1_115' title='bbox 614 2162 726 2206; x_wconf 88' lang='lat' dir='ltr'>omnes</span> <span class='ocrx_word' id='word_1_116' title='bbox 749 2140 856 2229; x_wconf 91' lang='lat' dir='ltr'>primo</span> <span class='ocrx_word' id='word_1_117' title='bbox 880 2142 1049 2230; x_wconf 86' lang='lat' dir='ltr'>apparuit,</span> <span class='ocrx_word' id='word_1_118' title='bbox 1074 2141 1163 2209; x_wconf 86' lang='lat' dir='ltr'>sicut</span> <span class='ocrx_word' id='word_1_119' title='bbox 1188 2141 1325 2228; x_wconf 84' lang='lat' dir='ltr'>dignum</span> <span class='ocrx_word' id='word_1_120' title='bbox 1354 2139 1422 2205; x_wconf 84' lang='lat' dir='ltr'>fuit</span> <span class='ocrx_word' id='word_1_121' title='bbox 1441 2193 1447 2206; x_wconf 94' lang='lat'>.</span> <span class='ocrx_word' id='word_1_122' title='bbox 1467 2143 1495 2205; x_wconf 82' lang='lat'>.“</span> 
     </span>
    </p>

    <p class='ocr_par' dir='ltr' id='par_1_10' title="bbox 204 2239 1496 2438">
     <span class='ocr_line' id='line_1_18' title="bbox 204 2239 1496 2334; baseline 0.002 -28"><span class='ocrx_word' id='word_1_123' title='bbox 204 2239 205 2244; x_wconf 66' lang='grc'>’</span> <span class='ocrx_word' id='word_1_124' title='bbox 373 2242 458 2309; x_wconf 84' lang='lat' dir='ltr'>Post</span> <span class='ocrx_word' id='word_1_125' title='bbox 481 2244 617 2312; x_wconf 89' lang='lat' dir='ltr'>litteras</span> <span class='ocrx_word' id='word_1_126' title='bbox 640 2251 779 2311; x_wconf 89' lang='lat' dir='ltr'>renatas</span> <span class='ocrx_word' id='word_1_127' title='bbox 811 2245 941 2313; x_wconf 83' lang='lat' dir='ltr'>Sedulii</span> <span class='ocrx_word' id='word_1_128' title='bbox 976 2268 1111 2313; x_wconf 88' lang='lat' dir='ltr'>carmen</span> <span class='ocrx_word' id='word_1_129' title='bbox 1144 2246 1304 2334; x_wconf 88' lang='lat' dir='ltr'>paschale</span> <span class='ocrx_word' id='word_1_130' title='bbox 1338 2245 1496 2311; x_wconf 88' lang='lat' dir='ltr'>versibus</span> 
     </span>
     <span class='ocr_line' id='line_1_19' title="bbox 271 2350 1337 2438; baseline 0.002 -24"><span class='ocrx_word' id='word_1_131' title='bbox 271 2359 535 2416; x_wconf 87' lang='lat' dir='ltr'>exornaverunt:</span> <span class='ocrx_word' id='word_1_132' title='bbox 558 2350 796 2418; x_wconf 79' lang='lat' dir='ltr'>Michaelis</span> <span class='ocrx_word' id='word_1_133' title='bbox 819 2353 978 2418; x_wconf 81' lang='lat' dir='ltr'>Reiser</span> <span class='ocrx_word' id='word_1_134' title='bbox 1001 2352 1242 2438; x_wconf 86' lang='lat' dir='ltr'>Ambergensis</span> <span class='ocrx_word' id='word_1_135' title='bbox 1268 2351 1337 2417; x_wconf 91' lang='lat' dir='ltr'>sic:</span> 
     </span>
    </p>

    <p class='ocr_par' dir='ltr' id='par_1_11' title="bbox 475 2457 1289 2547">
     <span class='ocr_line' id='line_1_20' title="bbox 475 2457 1289 2547; baseline 0.002 -28"><span class='ocrx_word' id='word_1_136' title='bbox 475 2457 604 2545; x_wconf 73' lang='lat' dir='ltr'>Perleqe</span> <span class='ocrx_word' id='word_1_137' title='bbox 626 2459 744 2523; x_wconf 78' lang='lat' dir='ltr'>sedulii</span> <span class='ocrx_word' id='word_1_138' title='bbox 765 2483 917 2547; x_wconf 62' lang='lat' dir='ltr'>maginem</span> <span class='ocrx_word' id='word_1_139' title='bbox 939 2465 1005 2522; x_wconf 79' lang='lat' dir='ltr'>sine</span> <span class='ocrx_word' id='word_1_140' title='bbox 1027 2481 1185 2522; x_wconf 71' lang='lat' dir='ltr'>ostermare</span> <span class='ocrx_word' id='word_1_141' title='bbox 1210 2461 1289 2522; x_wconf 81' lang='lat' dir='ltr'>eutis</span> 
     </span>
    </p>

    <p class='ocr_par' dir='ltr' id='par_1_12' title="bbox 475 2566 1124 2656">
     <span class='ocr_line' id='line_1_21' title="bbox 475 2566 1124 2656; baseline 0.005 -28"><span class='ocrx_word' id='word_1_142' title='bbox 475 2566 637 2632; x_wconf 76' lang='lat' dir='ltr'>Deiectum</span> <span class='ocrx_word' id='word_1_143' title='bbox 661 2591 797 2648; x_wconf 83' lang='lat' dir='ltr'>carmen,</span> <span class='ocrx_word' id='word_1_144' title='bbox 822 2568 910 2632; x_wconf 79' lang='lat' dir='ltr'>lectio</span> <span class='ocrx_word' id='word_1_145' title='bbox 933 2569 1034 2656; x_wconf 69' lang='lat' dir='ltr'>(liqna</span> <span class='ocrx_word' id='word_1_146' title='bbox 1057 2567 1124 2650; x_wconf 80' lang='lat' dir='ltr'>dcc,</span> 
     </span>
    </p>

    <p class='ocr_par' dir='ltr' id='par_1_13' title="bbox 474 2673 1302 2760">
     <span class='ocr_line' id='line_1_22' title="bbox 474 2673 1302 2760; baseline 0.002 -26"><span class='ocrx_word' id='word_1_147' title='bbox 474 2673 561 2735; x_wconf 85' lang='lat' dir='ltr'>Nam</span> <span class='ocrx_word' id='word_1_148' title='bbox 584 2675 731 2738; x_wconf 80' lang='lat' dir='ltr'>iuvenum</span> <span class='ocrx_word' id='word_1_149' title='bbox 753 2675 854 2760; x_wconf 79' lang='lat' dir='ltr'>reficit</span> <span class='ocrx_word' id='word_1_150' title='bbox 877 2688 989 2739; x_wconf 77' lang='lat' dir='ltr'>mentes</span> <span class='ocrx_word' id='word_1_151' title='bbox 1012 2673 1177 2758; x_wconf 79' lang='lat' dir='ltr'>redditque</span> <span class='ocrx_word' id='word_1_152' title='bbox 1201 2674 1302 2736; x_wconf 79' lang='lat' dir='ltr'>beatos</span> 
     </span>
    </p>

    <p class='ocr_par' dir='ltr' id='par_1_14' title="bbox 474 2778 1191 2870">
     <span class='ocr_line' id='line_1_23' title="bbox 474 2778 1191 2870; baseline 0.006 -30"><span class='ocrx_word' id='word_1_153' title='bbox 474 2778 517 2841; x_wconf 86' lang='lat' dir='ltr'>Et</span> <span class='ocrx_word' id='word_1_154' title='bbox 539 2803 599 2843; x_wconf 83' lang='lat' dir='ltr'>sec</span> <span class='ocrx_word' id='word_1_155' title='bbox 622 2782 785 2846; x_wconf 83' lang='lat' dir='ltr'>doctorum</span> <span class='ocrx_word' id='word_1_156' title='bbox 801 2783 925 2870; x_wconf 72' lang='lat' dir='ltr'>pharae</span> <span class='ocrx_word' id='word_1_157' title='bbox 941 2807 1004 2869; x_wconf 78' lang='lat' dir='ltr'>per</span> <span class='ocrx_word' id='word_1_158' title='bbox 1027 2805 1085 2845; x_wconf 83' lang='lat' dir='ltr'>ora</span> <span class='ocrx_word' id='word_1_159' title='bbox 1109 2782 1191 2846; x_wconf 85' lang='lat' dir='ltr'>eolat</span> 
     </span>
    </p>

    <p class='ocr_par' dir='ltr' id='par_1_15' title="bbox 475 2878 1323 2978">
     <span class='ocr_line' id='line_1_24' title="bbox 475 2878 1323 2978; baseline 0.002 -27"><span class='ocrx_word' id='word_1_160' title='bbox 475 2887 551 2952; x_wconf 83' lang='lat' dir='ltr'>Non</span> <span class='ocrx_word' id='word_1_161' title='bbox 574 2891 664 2971; x_wconf 75' lang='lat' dir='ltr'>thais,</span> <span class='ocrx_word' id='word_1_162' title='bbox 689 2905 745 2954; x_wconf 85' lang='lat' dir='ltr'>cot</span> <span class='ocrx_word' id='word_1_163' title='bbox 767 2892 865 2978; x_wconf 74' lang='lat' dir='ltr'>sapho</span> <span class='ocrx_word' id='word_1_164' title='bbox 890 2915 954 2956; x_wconf 83' lang='lat' dir='ltr'>non</span> <span class='ocrx_word' id='word_1_165' title='bbox 977 2905 1019 2956; x_wconf 79' lang='lat' dir='ltr'>cst</span> <span class='ocrx_word' id='word_1_166' title='bbox 1041 2892 1091 2956; x_wconf 75' lang='lat' dir='ltr'>tic</span> <span class='ocrx_word' id='word_1_167' title='bbox 1115 2878 1213 2954; x_wconf 78' lang='lat' dir='ltr'>lesbio</span> <span class='ocrx_word' id='word_1_168' title='bbox 1235 2891 1323 2976; x_wconf 39' lang='lat' dir='ltr'>&#39;eirqo</span> 
     </span>
    </p>

    <p class='ocr_par' dir='ltr' id='par_1_16' title="bbox 476 2995 1157 3083">
     <span class='ocr_line' id='line_1_25' title="bbox 476 2995 1157 3083; baseline 0.004 -27"><span class='ocrx_word' id='word_1_169' title='bbox 476 2995 536 3057; x_wconf 72' lang='lat' dir='ltr'>Sed</span> <span class='ocrx_word' id='word_1_170' title='bbox 561 2996 672 3058; x_wconf 70' lang='lat' dir='ltr'>atrici</span> <span class='ocrx_word' id='word_1_171' title='bbox 693 3009 797 3060; x_wconf 82' lang='lat' dir='ltr'>coatus</span> <span class='ocrx_word' id='word_1_172' title='bbox 820 3019 890 3060; x_wconf 82' lang='lat' dir='ltr'>cem</span> <span class='ocrx_word' id='word_1_173' title='bbox 908 2998 1029 3083; x_wconf 79' lang='lat' dir='ltr'>pietate</span> <span class='ocrx_word' id='word_1_174' title='bbox 1052 2999 1157 3060; x_wconf 81' lang='lat' dir='ltr'>timor.</span> 
     </span>
    </p>
   </div>
   <div class='ocr_carea' id='block_1_4' title="bbox 270 3119 1495 3422">
    <p class='ocr_par' dir='ltr' id='par_1_17' title="bbox 270 3119 1495 3422">
     <span class='ocr_line' id='line_1_26' title="bbox 374 3119 1495 3210; baseline 0.004 -24"><span class='ocrx_word' id='word_1_175' title='bbox 374 3119 660 3188; x_wconf 87' lang='lat' dir='ltr'>Winhemius:</span> <span class='ocrx_word' id='word_1_176' title='bbox 689 3123 764 3205; x_wconf 80' lang='lat' dir='ltr'>„Ad</span> <span class='ocrx_word' id='word_1_177' title='bbox 788 3123 1021 3190; x_wconf 88' lang='lat' dir='ltr'>charissimum</span> <span class='ocrx_word' id='word_1_178' title='bbox 1044 3123 1109 3191; x_wconf 93' lang='lat' dir='ltr'>sibi</span> <span class='ocrx_word' id='word_1_179' title='bbox 1132 3146 1329 3210; x_wconf 83' lang='lat' dir='ltr'>germanum</span> <span class='ocrx_word' id='word_1_180' title='bbox 1348 3123 1495 3190; x_wconf 88' lang='lat' dir='ltr'>Matter-</span> 
     </span>
     <span class='ocr_line' id='line_1_27' title="bbox 270 3225 1492 3318; baseline 0.002 -28"><span class='ocrx_word' id='word_1_181' title='bbox 270 3249 349 3290; x_wconf 90' lang='lat' dir='ltr'>num</span> <span class='ocrx_word' id='word_1_182' title='bbox 373 3225 608 3293; x_wconf 82' lang='lat' dir='ltr'>battenavium</span> <span class='ocrx_word' id='word_1_183' title='bbox 642 3227 833 3318; x_wconf 85' lang='lat' dir='ltr'>Spirenscm</span> <span class='ocrx_word' id='word_1_184' title='bbox 856 3228 1015 3296; x_wconf 88' lang='lat' dir='ltr'>Nicholai</span> <span class='ocrx_word' id='word_1_185' title='bbox 1037 3228 1239 3296; x_wconf 89' lang='lat' dir='ltr'>benevitalis</span> <span class='ocrx_word' id='word_1_186' title='bbox 1263 3228 1434 3295; x_wconf 90' lang='lat' dir='ltr'>winhemii</span> <span class='ocrx_word' id='word_1_187' title='bbox 1455 3229 1492 3294; x_wconf 91' lang='lat' dir='ltr'>in</span> 
     </span>
     <span class='ocr_line' id='line_1_28' title="bbox 270 3332 961 3422; baseline 0.007 -24"><span class='ocrx_word' id='word_1_188' title='bbox 270 3332 400 3398; x_wconf 85' lang='lat' dir='ltr'>Sedulii</span> <span class='ocrx_word' id='word_1_189' title='bbox 424 3356 553 3400; x_wconf 80' lang='lat' dir='ltr'>carmen</span> <span class='ocrx_word' id='word_1_190' title='bbox 576 3337 736 3422; x_wconf 88' lang='lat' dir='ltr'>paschale</span> <span class='ocrx_word' id='word_1_191' title='bbox 759 3336 961 3403; x_wconf 88' lang='lat' dir='ltr'>decasticon.</span> 
     </span>
    </p>
   </div>
   <div class='ocr_carea' id='block_1_5' title="bbox 269 3491 481 3499">
    <p class='ocr_par' dir='ltr' id='par_1_18' title="bbox 269 3491 481 3499">
     <span class='ocr_line' id='line_1_29' title="bbox 269 3491 481 3499; baseline 0.014 -3"><span class='ocrx_word' id='word_1_192' title='bbox 269 3491 481 3499; x_wconf 48' lang='grc' dir='ltr'><strong>Ἥ...-</strong></span> 
     </span>
    </p>
   </div>
   <div class='ocr_carea' id='block_1_6' title="bbox 264 3554 1497 4694">
    <p class='ocr_par' dir='ltr' id='par_1_19' title="bbox 264 3554 1497 4694">
     <span class='ocr_line' id='line_1_30' title="bbox 380 3554 1494 3620; baseline -0.003 -12"><span class='ocrx_word' id='word_1_193' title='bbox 380 3556 397 3620; x_wconf 81' lang='grc'>1)</span> <span class='ocrx_word' id='word_1_194' title='bbox 417 3556 526 3608; x_wconf 80' lang='lat' dir='ltr'>Saeculo</span> <span class='ocrx_word' id='word_1_195' title='bbox 547 3562 658 3608; x_wconf 87' lang='lat' dir='ltr'>exeunte</span> <span class='ocrx_word' id='word_1_196' title='bbox 676 3558 708 3607; x_wconf 90' lang='lat' dir='ltr'>X.</span> <span class='ocrx_word' id='word_1_197' title='bbox 729 3558 756 3607; x_wconf 92' lang='lat' dir='ltr'>in</span> <span class='ocrx_word' id='word_1_198' title='bbox 775 3557 928 3608; x_wconf 85' lang='lat' dir='ltr'>monasterii</span> <span class='ocrx_word' id='word_1_199' title='bbox 942 3558 967 3610; x_wconf 81' lang='lat' dir='ltr'>S.</span> <span class='ocrx_word' id='word_1_200' title='bbox 982 3557 1164 3608; x_wconf 82' lang='lat' dir='ltr'>Emmerammi</span> <span class='ocrx_word' id='word_1_201' title='bbox 1176 3555 1380 3606; x_wconf 85' lang='lat' dir='ltr'>Ratisbonensis</span> <span class='ocrx_word' id='word_1_202' title='bbox 1399 3554 1494 3605; x_wconf 91' lang='lat' dir='ltr'>biblio-</span> 
     </span>
     <span class='ocr_line' id='line_1_31' title="bbox 267 3644 1489 3708; baseline -0.001 -14"><span class='ocrx_word' id='word_1_203' title='bbox 267 3645 345 3694; x_wconf 88' lang='lat' dir='ltr'>theca</span> <span class='ocrx_word' id='word_1_204' title='bbox 369 3645 472 3697; x_wconf 88' lang='lat' dir='ltr'>Sedulii</span> <span class='ocrx_word' id='word_1_205' title='bbox 492 3648 571 3698; x_wconf 85' lang='lat' dir='ltr'>ctiam</span> <span class='ocrx_word' id='word_1_206' title='bbox 590 3648 673 3699; x_wconf 89' lang='lat' dir='ltr'>libros</span> <span class='ocrx_word' id='word_1_207' title='bbox 692 3648 834 3698; x_wconf 87' lang='lat' dir='ltr'>collocatos</span> <span class='ocrx_word' id='word_1_208' title='bbox 859 3647 957 3708; x_wconf 82' lang='lat' dir='ltr'>fuisse,</span> <span class='ocrx_word' id='word_1_209' title='bbox 990 3645 1159 3708; x_wconf 85' lang='lat' dir='ltr'>cognoscitur</span> <span class='ocrx_word' id='word_1_210' title='bbox 1186 3660 1217 3695; x_wconf 89' lang='lat' dir='ltr'>ex</span> <span class='ocrx_word' id='word_1_211' title='bbox 1246 3644 1382 3706; x_wconf 62' lang='lat' dir='ltr'>catalogo5</span> <span class='ocrx_word' id='word_1_212' title='bbox 1413 3658 1489 3708; x_wconf 87' lang='lat' dir='ltr'>quem</span> 
     </span>
     <span class='ocr_line' id='line_1_32' title="bbox 269 3730 1491 3803; baseline -0.002 -21"><span class='ocrx_word' id='word_1_213' title='bbox 269 3732 405 3798; x_wconf 83' lang='lat' dir='ltr'>discripsit</span> <span class='ocrx_word' id='word_1_214' title='bbox 424 3735 521 3785; x_wconf 77' lang='lat' dir='ltr'>latiens</span> <span class='ocrx_word' id='word_1_215' title='bbox 540 3734 585 3803; x_wconf 85' lang='lat' dir='ltr'>(cf.</span> <span class='ocrx_word' id='word_1_216' title='bbox 605 3736 692 3785; x_wconf 84' lang='lat' dir='ltr'>Pertz.</span> <span class='ocrx_word' id='word_1_217' title='bbox 713 3735 781 3785; x_wconf 82' lang='lat' dir='ltr'>Mon.</span> <span class='ocrx_word' id='word_1_218' title='bbox 801 3735 886 3786; x_wconf 84' lang='lat' dir='ltr'>XVII.</span> <span class='ocrx_word' id='word_1_219' title='bbox 906 3749 931 3798; x_wconf 88' lang='lat' dir='ltr'>p.</span> <span class='ocrx_word' id='word_1_220' title='bbox 951 3730 1026 3798; x_wconf 84' lang='grc'>568.)</span> <span class='ocrx_word' id='word_1_221' title='bbox 1046 3732 1161 3796; x_wconf 82' lang='lat' dir='ltr'>„Incipit</span> <span class='ocrx_word' id='word_1_222' title='bbox 1180 3730 1345 3781; x_wconf 84' lang='lat' dir='ltr'>abbreviatio</span> <span class='ocrx_word' id='word_1_223' title='bbox 1363 3730 1491 3780; x_wconf 88' lang='lat' dir='ltr'>librorum</span> 
     </span>
     <span class='ocr_line' id='line_1_33' title="bbox 267 3819 1493 3891; baseline -0.002 -17"><span class='ocrx_word' id='word_1_224' title='bbox 267 3822 293 3874; x_wconf 84' lang='lat' dir='ltr'>S.</span> <span class='ocrx_word' id='word_1_225' title='bbox 314 3825 509 3888; x_wconf 82' lang='lat' dir='ltr'>Emmerarnmi,</span> <span class='ocrx_word' id='word_1_226' title='bbox 540 3841 606 3890; x_wconf 87' lang='lat' dir='ltr'>quae</span> <span class='ocrx_word' id='word_1_227' title='bbox 634 3829 750 3890; x_wconf 87' lang='lat' dir='ltr'>tempore</span> <span class='ocrx_word' id='word_1_228' title='bbox 779 3823 920 3875; x_wconf 90' lang='lat' dir='ltr'>Romualdi</span> <span class='ocrx_word' id='word_1_229' title='bbox 951 3823 1057 3874; x_wconf 85' lang='lat' dir='ltr'>abbatis</span> <span class='ocrx_word' id='word_1_230' title='bbox 1087 3823 1132 3891; x_wconf 92' lang='lat' dir='ltr'>(sc.</span> <span class='ocrx_word' id='word_1_231' title='bbox 1152 3819 1324 3887; x_wconf 81' lang='lat'>975-1080)</span> <span class='ocrx_word' id='word_1_232' title='bbox 1354 3821 1426 3872; x_wconf 84' lang='lat' dir='ltr'>facta</span> <span class='ocrx_word' id='word_1_233' title='bbox 1445 3826 1493 3872; x_wconf 87' lang='lat' dir='ltr'>est.</span> 
     </span>
     <span class='ocr_line' id='line_1_34' title="bbox 268 3909 1497 3980; baseline 0.001 -16"><span class='ocrx_word' id='word_1_234' title='bbox 268 3913 354 3964; x_wconf 87' lang='lat' dir='ltr'>Servii</span> <span class='ocrx_word' id='word_1_235' title='bbox 374 3914 399 3967; x_wconf 79' lang='lat'>2.</span> <span class='ocrx_word' id='word_1_236' title='bbox 419 3916 598 3966; x_wconf 83' lang='lat' dir='ltr'>Commeatum</span> <span class='ocrx_word' id='word_1_237' title='bbox 615 3916 731 3978; x_wconf 81' lang='lat' dir='ltr'>Remigii</span> <span class='ocrx_word' id='word_1_238' title='bbox 750 3931 830 3980; x_wconf 86' lang='lat' dir='ltr'>super</span> <span class='ocrx_word' id='word_1_239' title='bbox 849 3915 1051 3967; x_wconf 82' lang='lat' dir='ltr'>Marcianum..</span> <span class='ocrx_word' id='word_1_240' title='bbox 1078 3912 1179 3964; x_wconf 89' lang='lat' dir='ltr'>Sedulii</span> <span class='ocrx_word' id='word_1_241' title='bbox 1202 3909 1227 3964; x_wconf 81' lang='lat'>7.</span> <span class='ocrx_word' id='word_1_242' title='bbox 1256 3912 1375 3963; x_wconf 83' lang='lat' dir='ltr'>Euticbii</span> <span class='ocrx_word' id='word_1_243' title='bbox 1403 3912 1427 3965; x_wconf 84' lang='lat'>5.</span> <span class='ocrx_word' id='word_1_244' title='bbox 1444 3951 1450 3962; x_wconf 94' lang='lat'>.</span> <span class='ocrx_word' id='word_1_245' title='bbox 1469 3951 1497 3964; x_wconf 77' lang='lat'>..</span> 
     </span>
     <span class='ocr_line' id='line_1_35' title="bbox 268 4003 1495 4071; baseline 0 -17"><span class='ocrx_word' id='word_1_246' title='bbox 268 4003 493 4056; x_wconf 84' lang='lat' dir='ltr'>Commentum</span> <span class='ocrx_word' id='word_1_247' title='bbox 522 4005 672 4069; x_wconf 83' lang='lat' dir='ltr'>Remigii</span> <span class='ocrx_word' id='word_1_248' title='bbox 710 4021 815 4071; x_wconf 87' lang='lat' dir='ltr'>super</span> <span class='ocrx_word' id='word_1_249' title='bbox 849 4004 1031 4056; x_wconf 86' lang='lat' dir='ltr'>Sedulium.</span> <span class='ocrx_word' id='word_1_250' title='bbox 1076 4005 1204 4056; x_wconf 83' lang='lat' dir='ltr'>Glosae</span> <span class='ocrx_word' id='word_1_251' title='bbox 1242 4019 1347 4068; x_wconf 89' lang='lat' dir='ltr'>super</span> <span class='ocrx_word' id='word_1_252' title='bbox 1383 4004 1495 4068; x_wconf 81' lang='lat' dir='ltr'>Virgi-</span> 
     </span>
     <span class='ocr_line' id='line_1_36' title="bbox 266 4094 1490 4163; baseline 0.002 -18"><span class='ocrx_word' id='word_1_253' title='bbox 266 4096 292 4145; x_wconf 93' lang='lat' dir='ltr'>li</span> <span class='ocrx_word' id='word_1_254' title='bbox 302 4111 351 4144; x_wconf 89' lang='lat' dir='ltr'>nm</span> <span class='ocrx_word' id='word_1_255' title='bbox 363 4130 389 4148; x_wconf 85' lang='lat'>..</span> <span class='ocrx_word' id='word_1_256' title='bbox 404 4098 427 4147; x_wconf 80' lang='lat'>.“</span> <span class='ocrx_word' id='word_1_257' title='bbox 449 4095 488 4148; x_wconf 81' lang='lat' dir='ltr'>Cf.</span> <span class='ocrx_word' id='word_1_258' title='bbox 508 4097 587 4148; x_wconf 86' lang='lat' dir='ltr'>etiam</span> <span class='ocrx_word' id='word_1_259' title='bbox 602 4097 750 4158; x_wconf 81' lang='lat' dir='ltr'>catalogum</span> <span class='ocrx_word' id='word_1_260' title='bbox 763 4097 845 4148; x_wconf 88' lang='lat' dir='ltr'>codic.</span> <span class='ocrx_word' id='word_1_261' title='bbox 859 4097 981 4149; x_wconf 86' lang='lat' dir='ltr'>Laurish.</span> <span class='ocrx_word' id='word_1_262' title='bbox 1002 4096 1055 4163; x_wconf 86' lang='lat' dir='ltr'>(ap.</span> <span class='ocrx_word' id='word_1_263' title='bbox 1067 4096 1221 4148; x_wconf 83' lang='lat' dir='ltr'>Wilrnanns.</span> <span class='ocrx_word' id='word_1_264' title='bbox 1242 4094 1289 4147; x_wconf 88' lang='lat' dir='ltr'>der</span> <span class='ocrx_word' id='word_1_265' title='bbox 1306 4096 1422 4160; x_wconf 82' lang='lat' dir='ltr'>Katalog</span> <span class='ocrx_word' id='word_1_266' title='bbox 1442 4095 1490 4148; x_wconf 86' lang='lat' dir='ltr'>der</span> 
     </span>
     <span class='ocr_line' id='line_1_37' title="bbox 266 4184 1492 4253; baseline 0 -17"><span class='ocrx_word' id='word_1_267' title='bbox 266 4186 543 4238; x_wconf 84' lang='lat' dir='ltr'>Forscherbibliothek</span> <span class='ocrx_word' id='word_1_268' title='bbox 562 4187 656 4238; x_wconf 77' lang='lat' dir='ltr'>RheIn.</span> <span class='ocrx_word' id='word_1_269' title='bbox 676 4187 743 4240; x_wconf 83' lang='lat' dir='ltr'>Mus.</span> <span class='ocrx_word' id='word_1_270' title='bbox 763 4187 864 4240; x_wconf 85' lang='lat' dir='ltr'>XXIII.</span> <span class='ocrx_word' id='word_1_271' title='bbox 884 4203 910 4252; x_wconf 87' lang='lat' dir='ltr'>p.</span> <span class='ocrx_word' id='word_1_272' title='bbox 930 4185 981 4242; x_wconf 82' lang='lat'>385</span> <span class='ocrx_word' id='word_1_273' title='bbox 1003 4184 1067 4253; x_wconf 88' lang='lat' dir='ltr'>seq.)</span> <span class='ocrx_word' id='word_1_274' title='bbox 1096 4191 1123 4238; x_wconf 90' lang='lat' dir='ltr'>et</span> <span class='ocrx_word' id='word_1_275' title='bbox 1151 4191 1255 4239; x_wconf 86' lang='lat' dir='ltr'>veteres</span> <span class='ocrx_word' id='word_1_276' title='bbox 1277 4188 1419 4251; x_wconf 77' lang='lat' dir='ltr'>catalogos,</span> <span class='ocrx_word' id='word_1_277' title='bbox 1447 4187 1492 4252; x_wconf 85' lang='lat' dir='ltr'>qui</span> 
     </span>
     <span class='ocr_line' id='line_1_38' title="bbox 266 4273 1481 4343; baseline 0.002 -19"><span class='ocrx_word' id='word_1_278' title='bbox 266 4273 442 4326; x_wconf 86' lang='lat' dir='ltr'>adnectuntur</span> <span class='ocrx_word' id='word_1_279' title='bbox 473 4274 548 4328; x_wconf 88' lang='lat' dir='ltr'>codd.</span> <span class='ocrx_word' id='word_1_280' title='bbox 581 4275 658 4326; x_wconf 90' lang='lat' dir='ltr'>Bern.</span> <span class='ocrx_word' id='word_1_281' title='bbox 685 4275 763 4328; x_wconf 93' lang='lat' dir='ltr'>IIIb</span> <span class='ocrx_word' id='word_1_282' title='bbox 791 4276 835 4343; x_wconf 85' lang='lat' dir='ltr'>(cf.</span> <span class='ocrx_word' id='word_1_283' title='bbox 861 4277 894 4328; x_wconf 89' lang='lat' dir='ltr'>H.</span> <span class='ocrx_word' id='word_1_284' title='bbox 923 4277 1024 4339; x_wconf 87' lang='lat' dir='ltr'>Hagen.</span> <span class='ocrx_word' id='word_1_285' title='bbox 1053 4276 1118 4326; x_wconf 78' lang='lat' dir='ltr'>evei</span> <span class='ocrx_word' id='word_1_286' title='bbox 1145 4274 1481 4338; x_wconf 83' lang='lat' dir='ltr'>Haudschrifteukataloga</span> 
     </span>
     <span class='ocr_line' id='line_1_39' title="bbox 266 4360 1492 4430; baseline 0.001 -19"><span class='ocrx_word' id='word_1_287' title='bbox 266 4361 314 4412; x_wconf 87' lang='lat' dir='ltr'>des</span> <span class='ocrx_word' id='word_1_288' title='bbox 339 4363 371 4413; x_wconf 93' lang='lat' dir='ltr'>X.</span> <span class='ocrx_word' id='word_1_289' title='bbox 397 4362 489 4415; x_wconf 83' lang='lat' dir='ltr'>Jahrb.</span> <span class='ocrx_word' id='word_1_290' title='bbox 514 4362 608 4414; x_wconf 87' lang='lat' dir='ltr'>Jabn’s</span> <span class='ocrx_word' id='word_1_291' title='bbox 632 4363 724 4414; x_wconf 89' lang='lat' dir='ltr'>Jahrb.</span> <span class='ocrx_word' id='word_1_292' title='bbox 747 4360 823 4418; x_wconf 85' lang='lat'>1969.</span> <span class='ocrx_word' id='word_1_293' title='bbox 843 4380 868 4430; x_wconf 81' lang='lat' dir='ltr'>p.</span> <span class='ocrx_word' id='word_1_294' title='bbox 889 4361 951 4429; x_wconf 81' lang='lat'>518)</span> <span class='ocrx_word' id='word_1_295' title='bbox 983 4364 1046 4415; x_wconf 85' lang='lat' dir='ltr'>Gen.</span> <span class='ocrx_word' id='word_1_296' title='bbox 1066 4361 1101 4418; x_wconf 82' lang='grc'>21</span> <span class='ocrx_word' id='word_1_297' title='bbox 1120 4378 1142 4414; x_wconf 78' lang='lat' dir='ltr'>S.</span> <span class='ocrx_word' id='word_1_298' title='bbox 1161 4364 1195 4423; x_wconf 87' lang='lat' dir='ltr'>X,</span> <span class='ocrx_word' id='word_1_299' title='bbox 1227 4365 1290 4414; x_wconf 88' lang='lat' dir='ltr'>Gen.</span> <span class='ocrx_word' id='word_1_300' title='bbox 1324 4360 1361 4416; x_wconf 81' lang='lat'>84</span> <span class='ocrx_word' id='word_1_301' title='bbox 1392 4378 1413 4414; x_wconf 90' lang='lat' dir='ltr'>s.</span> <span class='ocrx_word' id='word_1_302' title='bbox 1444 4363 1492 4414; x_wconf 87' lang='lat' dir='ltr'>XI.</span> 
     </span>
     <span class='ocr_line' id='line_1_40' title="bbox 265 4447 1487 4515; baseline 0.002 -15"><span class='ocrx_word' id='word_1_303' title='bbox 265 4447 309 4515; x_wconf 89' lang='grc' dir='ltr'>(Η.</span> <span class='ocrx_word' id='word_1_304' title='bbox 328 4450 429 4514; x_wconf 82' lang='lat' dir='ltr'>Hagen.</span> <span class='ocrx_word' id='word_1_305' title='bbox 459 4451 524 4500; x_wconf 86' lang='lat' dir='ltr'>zwei</span> <span class='ocrx_word' id='word_1_306' title='bbox 552 4448 884 4514; x_wconf 81' lang='lat' dir='ltr'>Haudschrilteukstaloge</span> <span class='ocrx_word' id='word_1_307' title='bbox 913 4466 960 4501; x_wconf 87' lang='lat' dir='ltr'>aus</span> <span class='ocrx_word' id='word_1_308' title='bbox 988 4450 1046 4502; x_wconf 88' lang='lat' dir='ltr'>dem</span> <span class='ocrx_word' id='word_1_309' title='bbox 1074 4450 1240 4508; x_wconf 83' lang='lat' dir='ltr'>Mittelalter.</span> <span class='ocrx_word' id='word_1_310' title='bbox 1273 4451 1366 4502; x_wconf 77' lang='lat' dir='ltr'>Jahn&#39;a</span> <span class='ocrx_word' id='word_1_311' title='bbox 1394 4450 1487 4502; x_wconf 87' lang='lat' dir='ltr'>Jahrb.</span> 
     </span>
     <span class='ocr_line' id='line_1_41' title="bbox 268 4533 1495 4603; baseline 0 -15"><span class='ocrx_word' id='word_1_312' title='bbox 268 4533 343 4591; x_wconf 83' lang='lat'>1877.</span> <span class='ocrx_word' id='word_1_313' title='bbox 363 4553 388 4602; x_wconf 87' lang='lat' dir='ltr'>p.</span> <span class='ocrx_word' id='word_1_314' title='bbox 408 4535 461 4592; x_wconf 76' lang='lat'>863</span> <span class='ocrx_word' id='word_1_315' title='bbox 480 4553 543 4602; x_wconf 65' lang='lat' dir='ltr'>seq..</span> <span class='ocrx_word' id='word_1_316' title='bbox 563 4538 703 4603; x_wconf 84' lang='lat' dir='ltr'>Birliuger.</span> <span class='ocrx_word' id='word_1_317' title='bbox 732 4537 1002 4589; x_wconf 74' lang='lat' dir='ltr'>Bucherverzeicbnis</span> <span class='ocrx_word' id='word_1_318' title='bbox 1022 4537 1046 4588; x_wconf 85' lang='lat' dir='ltr'>d.</span> <span class='ocrx_word' id='word_1_319' title='bbox 1065 4536 1186 4588; x_wconf 87' lang='lat' dir='ltr'>Klosters</span> <span class='ocrx_word' id='word_1_320' title='bbox 1205 4537 1337 4600; x_wconf 66' lang='lat' dir='ltr'>Hibera,</span> <span class='ocrx_word' id='word_1_321' title='bbox 1364 4537 1495 4589; x_wconf 78' lang='lat' dir='ltr'>zeitschr.</span> 
     </span>
     <span class='ocr_line' id='line_1_42' title="bbox 264 4623 572 4694; baseline 0.026 -22"><span class='ocrx_word' id='word_1_322' title='bbox 264 4624 283 4675; x_wconf 79' lang='lat' dir='ltr'>f.</span> <span class='ocrx_word' id='word_1_323' title='bbox 304 4623 462 4676; x_wconf 75' lang='lat' dir='ltr'>t.A1terth.</span> <span class='ocrx_word' id='word_1_324' title='bbox 484 4623 572 4694; x_wconf 82' lang='lat'>1872).</span> 
     </span>
    </p>
   </div>
   <div class='ocr_carea' id='block_1_7' title="bbox 0 0 1640 5200">
    <p class='ocr_par' dir='ltr' id='par_1_20' title="bbox 0 0 1640 5200">
     <span class='ocr_line' id='line_1_43' title="bbox 0 0 1640 5200; baseline 0 3"><span class='ocrx_word' id='word_1_325' title='bbox 0 0 1640 5200; x_wconf 95' lang='lat' dir='ltr'> </span> 
     </span>
    </p>
   </div>
  </div>
 </body>
</html>
