3272 5200
751 329 974 392 -(52-

251 504 393 590 Georgii
422 511 639 591 cognomento
671 505 811 572 Maioris
842 512 877 571 et
902 505 1070 592 Deiparae
1100 528 1231 594 semper
1258 507 1411 595 Virginis
1442 511 1482 576 in

250 613 371 679 Hortis
394 611 597 678 bibliotheca
623 611 786 698 alligatus
812 613 888 700 est.)
956 695 960 708 Ι
1040 611 1043 616 ’

357 721 582 800 Arnoinus,
613 722 794 788 monachus
819 721 1045 788 Floriacensis
1071 721 1110 786 de
1134 722 1241 808 gestis
1266 723 1482 792 Francorum

250 831 307 897 lib.
339 830 395 896 HI
426 830 482 914 (of.
507 831 551 899 M.
575 831 748 918 Bouquet,
785 829 926 924 Recueil
956 830 1014 894 dea
1038 829 1231 896 Historiens
1264 830 1321 896 des
1346 831 1480 900 Gaulos

249 944 285 1005 et
308 939 348 1004 de
379 939 414 1003 la
438 938 568 1006 France
591 945 616 1006 t.
640 940 706 1008 III.
731 964 763 1028 p.
789 943 846 1023 93)
882 939 926 1004 ad
955 961 1079 1004 annum
1114 941 1181 1006 584
1212 938 1253 1005 de
1285 939 1479 1028 Chilperico

250 1067 329 1131 rege
364 1049 522 1110 annotat:
558 1045 655 1132 „Ipse
690 1067 832 1132 namque
871 1066 983 1110 omnes
1019 1042 1071 1109 sui
1107 1044 1268 1131 temporis
1307 1049 1481 1136 sapientes

252 1149 394 1216 scientia
418 1172 453 1216 se
478 1149 607 1215 anteire
631 1149 827 1216 existimans
851 1148 1038 1236 composuit
1069 1147 1151 1215 duos
1174 1149 1278 1216 libros
1301 1150 1481 1219 imitari

250 1256 480 1324 Sedulium
519 1254 693 1335 rolens,
733 1254 768 1318 in
807 1253 928 1342 quibus
966 1253 1103 1341 plurimi
1144 1277 1263 1322 versus
1304 1265 1481 1324 scazontes

251 1373 366 1443 erant,
399 1365 517 1428 breves
542 1384 672 1451 quoque
697 1362 850 1448 syllabas
882 1383 943 1447 pro
967 1360 1078 1447 longis
1109 1362 1293 1451 longosque
1316 1386 1376 1450 pro
1403 1365 1480 1431 hre-

250 1469 349 1536 vibus
373 1469 597 1535 continebant
646 1468 738 1534 Idem
763 1467 834 1532 fere
861 1467 969 1532 refert
991 1466 1229 1534 chronicon
1252 1467 1479 1535 Denisium

154 1645 156 1653 χ
248 1577 305 1660 (cf.
330 1577 495 1664 Bouquet.
522 1576 544 1644 l.
571 1601 599 1644 c.
623 1577 687 1645 ΠΙ.
709 1600 741 1664 p.
767 1577 855 1663 239).
888 1573 1037 1656 Quorum
1069 1573 1298 1640 chronicorum
1322 1585 1480 1645 auctores

255 1682 457 1769 Gregorium
475 1682 702 1750 'turonensem
724 1683 823 1748 illum
840 1689 972 1749 secutos
989 1705 1071 1761 esse,
1087 1690 1261 1751 testantur
1276 1687 1380 1752 verba
1397 1685 1478 1754 hist.

254 1788 404 1875 francog.
413 1791 450 1856 V.
466 1793 508 1855 Pb
524 1795 566 1872 (a.
579 1789 683 1878 Mign.
698 1797 722 1857 t.
735 1794 785 1860 71.
799 1816 831 1880 p.
845 1791 920 1878 161)
935 1789 974 1855 de
988 1789 1194 1878 Chilperico:
1215 1789 1379 1878 „Scripsit
1392 1791 1479 1856 alios

255 1893 360 1960 libros
382 1894 470 1962 idem
493 1919 553 1962 rex
575 1898 780 1964 versibus
804 1899 927 1985 quasi
945 1897 1191 1977 Sedulium,
1215 1903 1390 1963 secutus
1415 1897 1478 1964 sed

262 2003 421 2070 versiculi
444 2003 496 2068 illi
519 2004 606 2069 nulli
628 2005 765 2093 penitus
785 2006 944 2071 metricae
960 2004 1164 2071 conveniunt
1186 2005 1321 2073 rationi.
1338 2004 1399 2072 VI.
1423 2009 1479 2074 46.

254 2108 471 2198 Confecitque
511 2111 593 2177 duos
631 2111 737 2177 libros
776 2112 902 2201 quasi
945 2111 1174 2178 Sedulium
1216 2110 1478 2195 meditatus,

253 2241 395 2306 quorum
419 2220 577 2286 versiculi
602 2220 727 2288 debiles
758 2221 863 2287 nullis
891 2221 1034 2310 pedibus
1058 2221 1242 2287 subsistere
1265 2225 1416 2307 possunt,
1443 2219 1481 2284 in

252 2327 472 2415 quibusdum
497 2349 561 2392 non
590 2327 814 2415 intelligebat,
839 2351 899 2416 pro
924 2328 1044 2414 longis
1059 2327 1212 2414 syllabas
1227 2328 1347 2393 breves
1363 2325 1480 2413 posuit

249 2439 285 2500 et
307 2455 367 2520 pro
392 2432 551 2499 brevibus
574 2433 694 2520 longas
718 2434 924 2500 statuebat.“

356 2539 491 2619 Beda,
516 2540 595 2607 hist.
613 2539 736 2606 ecclV
753 2544 795 2606 18
813 2544 879 2628 (ap.
897 2538 1001 2629 Migo.
1023 2546 1048 2604 t.
1067 2543 1119 2604 95.
1136 2562 1168 2626 p.
1185 2542 1276 2621 261).
1305 2538 1473 2626 ,Scripsit
1510 2567 1513 2574 ·

247 2656 285 2715 et
315 2647 355 2713 de
393 2647 599 2736 Virginitate
633 2648 757 2716 librum
792 2649 966 2728 eximium,
1003 2670 1125 2736 quem
1160 2647 1203 2712 in
1238 2648 1480 2737 exemplum

253 2754 427 2822 Sedulii
465 2755 636 2840 geminato
671 2778 772 2842 opere
807 2763 843 2822 et
876 2754 1032 2821 versibus
1066 2753 1272 2819 hexametris
1308 2761 1343 2820 et
1377 2775 1480 2840 prosa

249 2861 436 2949 composuit
481 2860 739 2948 (Aldhelmus).“
800 2861 1039 2926 Hrabanus
1076 2860 1271 2942 Maurus,
1309 2858 1480 2925 Sedulii

251 2969 445 3056 exemplo
470 2967 646 3050 ductus,
672 2969 821 3035 carmina
837 2975 976 3033 sanctae
991 2966 1099 3032 crucis
1115 2964 1211 3031 laudi
1228 2966 1351 3044 dicata,
1376 2965 1480 3030 etiam

252 3097 403 3141 sermone
427 3074 579 3163 pedestri
602 3073 875 3162 circumscripsit.
901 3073 953 3138 At
974 3073 1091 3160 plures
1107 3077 1264 3139 auctores
1279 3072 1380 3138 medii
1404 3072 1481 3138 aevi

249 3183 382 3250 Sedulii
405 3185 550 3270 vestigia
575 3183 610 3249 in
633 3184 779 3271 singulis
803 3181 983 3249 sententiis
1014 3204 1053 3247 ac
1087 3181 1242 3248 versibus
1271 3185 1478 3268 presserunt.

250 3291 421 3356 Habemus
455 3290 669 3377 praeclarum
704 3288 891 3377 exemplum
926 3287 1008 3354 talis
1044 3285 1260 3368 imitationis,
1296 3308 1415 3352 versus
1451 3286 1481 3352 si

253 3395 450 3484 respicimus
472 3399 697 3486 praefationis
728 3399 905 3478 metricae,
943 3399 1064 3486 quibus
1094 3403 1197 3483 poeta
1221 3419 1256 3462 se
1280 3395 1480 3463 defensurus

251 3514 313 3586 est,
340 3528 401 3572 cur
423 3508 601 3574 materiam
623 3531 756 3576 sacram
778 3509 910 3574 omnino
935 3493 1081 3573 carmine
1103 3506 1318 3574 tractaverit.

251 3609 341 3678 Sunt
364 3621 476 3679 autem
499 3612 534 3678 hi
556 3613 575 3678 I
601 3617 640 3682 u
666 3637 735 3702 seq.

304 3721 403 3798 tluuru
427 3746 484 3786 arra
507 3723 636 3810 partitos
657 3723 803 3787 studeant
825 3724 971 3810 tigamenta
993 3736 1102 3809 poetae

303 3826 513 3894 Graudr'soais
530 3855 687 3918 proripere
710 3831 824 3910 vitodis,
848 3832 1031 3918 tropicoque
1054 3831 1158 3910 boaret,

303 3933 489 3999 h‘idirulore
515 3934 604 4014 (tera,
627 3959 681 4000 seu
705 3936 844 4021 quidibet
866 3948 935 4000 arte
958 3935 1094 3999 cauendi

299 4041 400 4103 saeva
427 4039 637 4126 ›agarum-um
663 4053 807 4106 reuocent
830 4042 979 4128 conloquii
1001 4064 1117 4120 remon,

296 4144 339 4208 Er
361 4143 512 4209 scelerum
537 4159 741 4210 vrrorrumeuta
763 4158 878 4210 cauum
899 4147 1024 4230 rataque
1046 4146 1200 4232 muqahtro

305 4254 451 4318 Plumbia
473 4253 615 4318 Niliaea·
637 4255 770 4319 trudant
792 4255 958 4319 urendam«
981 4255 1092 4318 bebba:

297 4361 364 4426 (br
386 4383 442 4448 epo
466 4359 623 4424 ‹iuridici-r
647 4368 787 4424 cantetur
809 4361 951 4424 conitebor
974 4359 1053 4423 odas

303 4571 401 4638 (lura
425 4567 590 4656 salrrtfr'eru'
607 4581 728 4634 tuream
750 4569 907 4634 miraculo
934 4569 1074 4634 t'dm'str'?

301 4675 404 4754 Quum
426 4677 544 4762 phrasim
568 4675 739 4762 sacristiam
763 4675 860 4760 loqui,
884 4673 1115 4760 Dorrru'uurrrque
1138 4687 1297 4740 torrentem
1316 4722 1323 4737 .
1342 4725 1349 4738 .
1367 4725 1401 4740 ..
