3196 5196
664 391 888 456 -47-

160 569 318 635 librarios
356 567 451 633 finito
484 568 599 634 labore
630 589 869 657 nonnunquam
905 566 1027 633 sudore
1062 566 1236 631 madentes
1272 586 1391 630 versus

159 676 292 742 adicere
317 697 370 763 res
395 681 448 740 est
472 674 658 742 notissima.
706 674 817 740 Velim
843 673 1147 753 001101001010110,
1179 671 1237 758 qui
1260 670 1295 734 in
1318 669 1389 736 cod.

157 782 259 847 Laur.
291 787 329 852 15
353 783 437 870 plut.
464 781 586 847 XXIII
609 787 686 869 post
710 782 872 868 hymnum
895 779 942 847 II.
967 785 1171 866 sequuntur:

556 887 699 956 Oelcuvit
721 895 834 955 uniens
858 890 924 954 Dei

557 999 688 1084 Seseqne
713 999 798 1063 cneio
821 998 974 1063 reddidit.

158 1107 234 1190 „qui
257 1128 317 1168 nos
340 1107 375 1168 in
397 1118 480 1168 recto
504 1105 615 1191 furiat
637 1105 806 1190 persistere
837 1103 916 1168 celle
947 1116 981 1166 et
1011 1104 1068 1167 tihi
1098 1103 1257 1166 seruitium
1285 1101 1389 1166 coiea-

157 1237 225 1276 mns
260 1213 392 1277 reddere
427 1214 591 1300 deponar.
638 1210 743 1278 Nemo
776 1234 842 1276 non
877 1211 986 1276 videt'
1004 1210 1065 1275 hos
1097 1231 1217 1276 versus
1248 1206 1389 1273 librario

161 1319 286 1387 deberi.

225 1417 240 1451 ·’
266 1426 391 1492 Restat
416 1430 454 1490 ut
476 1426 705 1512 inquiramim,
744 1447 821 1513 quo
846 1423 997 1489 ordine
1032 1423 1181 1496 carmina
1205 1445 1225 1486 a
1252 1419 1389 1488 Sedulio

158 1535 226 1600 sint
243 1533 448 1620 conscripta.
484 1532 538 1596 Ex
555 1531 702 1618 epistula
717 1532 760 1596 ad
777 1530 1009 1596 Macedonium
1034 1537 1178 1618 utraque
1202 1531 1264 1594 hoc
1287 1551 1391 1592 unum

159 1639 270 1704 elucet
305 1660 439 1704 carmen
474 1637 633 1725 paschale
663 1638 758 1723 prius
794 1636 1017 1723 compositum
1054 1659 1128 1700 esse
1159 1659 1258 1724 quam
1295 1657 1388 1722 opus,

157 1745 306 1831 Egregie
329 1744 437 1829 igitur
460 1743 596 1810 fallitur
619 1749 652 1808 et
676 1743 769 1808 fallit
786 1741 985 1829 Sigebertus
1003 1742 1256 1808 Gremblacensis
1274 1742 1387 1808 dicens

158 1875 183 1917 0.
211 1855 239 1917 7.
268 1849 446 1933 „Sedulius
471 1849 646 1936 episcopus
671 1848 714 1912 ad
731 1847 965 1913 Macedonium
988 1849 1226 1935 presbyterum
1252 1851 1390 1939 scripsit

155 1959 261 2024 libros
285 1959 325 2024 de
349 1957 521 2026 miraculis
546 1958 672 2024 veteris
696 1963 731 2024 et
757 1957 837 2022 novi
872 1958 1088 2040 testamenti,
1114 1983 1196 2046 quos
1228 1967 1390 2049 postea
1461 1963 1464 1973 '

157 2072 217 2134 sub
242 2069 383 2134 metrica
399 2068 475 2153 lege
498 2062 654 2134 redactos
670 2068 910 2154 praetitulavit
934 2069 1092 2155 paschale
1117 2075 1280 2134 carmen.“
1320 2068 1386 2133 Per

158 2175 353 2262 analogiam
378 2175 488 2242 iudico
512 2217 557 2226 --
580 2199 658 2241 nam
682 2179 757 2264 quis
782 2177 930 2242 affirmet
952 2217 997 2225 —
1022 2171 1263 2243 acarminibus
1285 2175 1387 2238 mino-

157 2283 251 2347 ribus
277 2304 312 2347 se
337 2282 521 2347 contulisse
546 2282 589 2347 ad
613 2282 741 2348 maiora
765 2283 956 2368 condenda3
992 2283 1135 2349 ancius
1159 2291 1271 2349 autem
1288 2284 1386 2349 Aste-

157 2390 228 2455 rius
253 2391 290 2454 in
314 2390 452 2456 edendis
478 2391 634 2478 operibus
659 2413 733 2456 eum
768 2393 953 2456 carminum
985 2391 1134 2458 ordinem
1171 2391 1387 2458 constituisse

156 2499 238 2564 mihi
262 2499 410 2579 uidetur,
437 2522 533 2587 quem
558 2499 687 2565 codices
723 2500 1008 2587 praestantissimi
1040 2501 1213 2567 exhibent:
1255 2499 1387 2564 descen·

157 2605 292 2671 dentem
315 2628 336 2670 a
360 2605 506 2670 carmine
530 2605 684 2692 paschali
700 2605 744 2669 ad
761 2629 864 2693 opera
881 2609 1018 2673 minora.
1046 2607 1216 2672 Dissentit
1239 2606 1387 2672 Lucia-

157 2735 235 2777 nns
258 2711 527 2793 Muellerus,
560 2711 617 2805 qui
641 2735 722 2778 sane
745 2714 832 2777 mira
855 2712 891 2776 in
914 2711 977 2777 hac
1001 2734 1038 2777 re
1062 2713 1253 2800 proposuit,
1288 2713 1327 2777 dc
1351 2733 1388 2776 re

156 2826 252 2884 metr.
278 2842 310 2904 p.
336 2820 402 2884 464
429 2815 606 2902 „Ceterum
630 2818 727 2884 foedo
753 2840 866 2883 errore
890 2818 1087 2904 opusculum
1108 2817 1247 2898 Sedulii,
1274 2817 1388 2882 eodem

158 2925 246 3012 quod
271 2925 460 2990 confectum
485 2927 739 3015 0010011οω010,
765 2926 989 3018 hocdistieho
1013 2925 1165 2991 incohari
1189 2925 1331 2990 credunt

374 3033 541 3098 Cantemus
564 3037 645 3099 socii
666 3036 802 3116 donnino,
828 3049 986 3098 centenses
1010 3035 1166 3108 honorent,

372 3143 476 3207 dulcis
501 3169 590 3208 unior
617 3141 743 3225 Christi,
764 3157 910 3230 personet
934 3168 985 3207 ore
1002 3145 1070 3230 pie.

159 3250 246 3336 quod
281 3253 320 3314 ut
351 3247 452 3335 plane
485 3248 633 3313 alienum
664 3272 685 3314 a
708 3248 877 3314 sententia
902 3247 1058 3313 carminis
1082 3269 1177 3312 nemo
1202 3269 1268 3312 non
1290 3247 1386 3314 videt

157 3355 281 3422 lineola
313 3355 494 3422 interiecta
525 3356 750 3443 separandum
782 3379 854 3422 esse
887 3379 907 3420 a
940 3355 1060 3420 ceteris
1094 3355 1192 3442 quasi
1222 3356 1384 3441 praefati-

157 3461 315 3526 unculam
340 3460 541 3547 hymnorum
565 3462 621 3526 vel
650 3462 803 3548 potius
838 3460 1019 3526 omnium
1054 3458 1227 3524 Sedulii
1255 3460 1385 3526 libro-

158 3590 263 3646 rum,
299 3590 384 3656 quac
409 3591 462 3634 res
488 3569 652 3646 etiameo
677 3569 910 3649 confirmatur,
937 3566 1025 3656 quod
1048 3567 1083 3632 in
1106 3567 1219 3633 codice
1243 3567 1387 3634 Arntze-

158 3677 259 3742 niano
293 3676 502 3763 epigramma
533 3677 666 3743 Asterii
697 3717 741 3726 --
771 3700 850 3742 nam
880 3677 910 3742 is
943 3681 1073 3743 mortuo
1109 3674 1246 3741 Sedulio
1283 3695 1386 3759 opera

157 3782 229 3847 eius
253 3782 452 3852 Macedonio
476 3787 593 3853 abbati
618 3786 741 3853 amoris
766 3810 869 3853 causa
898 3786 1073 3852 dicaverat
1101 3786 1144 3874 (1)
1175 3827 1220 3835 -
1248 3805 1386 3870 praepo-

156 3886 259 3954 situm
283 3888 411 3976 legitur
435 3892 560 3979 hymno
584 3893 702 3980 primo,
727 3898 775 3958 nt
799 3892 1028 3959 contrario
1053 3915 1175 3982 quam
1197 3914 1305 3956 nnnc
1328 3891 1388 3957 fit

155 3997 312 4063 ordine
348 4020 449 4085 opera
484 3997 614 4086 Sedulii
650 3991 888 4065 constituenda
924 4021 996 4064 0000
1021 4003 1215 4086 appareat.“
1267 3996 1387 4062 Conce-

154 4104 264 4170 dimus
294 4105 382 4170 illud
414 4105 581 4172 distichon
610 4129 683 4172 esse
715 4091 812 4195 quasi
840 4105 1149 4193 praefatiunculam
1180 4145 1225 4154 —-
1259 4110 1296 4170 at
1320 4126 1387 4168 non

155 4209 302 4274 omnium
319 4208 450 4277 Sedulii
472 4211 654 4297 librorum;
679 4220 762 4299 puto
786 4211 872 4277 illud
895 4211 1020 4298 hymno
1044 4212 1072 4276 I.
1097 4211 1132 4276 in
1156 4209 1297 4298 eundem
1320 4231 1386 4272 mo·

156 4316 234 4382 dum
265 4321 445 4406 praeponi,
482 4342 546 4408 quo
578 4320 719 4386 carmini
749 4319 903 4407 paschali
931 4319 1110 4406 prologum
1133 4315 1309 4383 metricum
1341 4315 1387 4379 di-

156 4422 275 4488 stichis
302 4423 536 4492 decurrentem
563 4426 778 4512 praemiserit
811 4431 922 4513 poeta.
970 4423 1054 4505 Quis
1093 4425 1233 4512 insuper
1269 4423 1386 4490 credat

158 4531 465 4618 praefatiunculam
482 4531 578 4596 illam
594 4554 667 4597 esse
683 4532 780 4621 quasi
797 4529 1042 4618 praefationem
1058 4529 1206 4595 omnium
1222 4529 1386 4595 librorum

153 4639 263 4705 veluti
287 4640 317 4706 si
341 4661 453 4706 omnes
483 4641 706 4707 decantentur
743 4640 799 4728 (cf.
825 4662 855 4706 ν.
884 4640 916 4727 1)
952 4639 988 4704 in
1020 4639 1226 4725 hymnorum
1252 4638 1385 4703 modum
