3196 5196
728 318 951 382 ..50-

226 497 308 564 haec
340 505 440 586 poeta
473 504 506 563 et
540 520 575 562 se
608 495 759 563 defendit
793 500 835 563 ab
868 499 1155 565 obtrectatoribus
1191 499 1289 588 epist.
1313 501 1361 568 II.
1386 503 1454 569 ita:

230 606 394 690 „Tradita
426 605 591 694 siquidem
627 604 735 670 multa
764 628 825 694 pro
855 608 1014 673 metricae
1045 607 1267 676 necessitatis·
1295 609 1457 694 angustia

230 711 336 800 priori
367 709 603 778 commentario
635 732 846 799 nequaquam
877 711 1037 780 videntur
1068 714 1214 796 inserta,
1254 737 1340 803 quae
1363 723 1456 802 post·

227 821 359 886 modum
383 819 520 905 linguae
543 817 707 884 resolutio
742 816 849 902 magis
881 823 933 883 est
969 827 1125 886 assecuta
1129 872 1290 888 .......
1329 820 1385 886 Sic
1423 831 1457 889 et

226 926 337 993 nostri
359 949 499 1014 prorsus
523 949 543 992 a
567 946 640 991 sese
664 924 774 990 libelli
797 947 863 989 non
888 925 1091 1014 discrepant.
1139 925 1207 994 Sed
1232 951 1317 1016 qnae
1344 929 1457 996 defue-

228 1041 306 1101 rant
329 1035 463 1122 primia,
497 1033 614 1100 addita
646 1038 727 1098 sunt
758 1032 920 1098 secundis.
969 1032 1041 1101 Nec
1072 1037 1217 1123 impares
1244 1043 1455 1122 argumento.

229 1143 284 1208 vel
302 1143 427 1220 ordine,
453 1143 513 1208 sed
537 1141 615 1207 stilo
639 1140 799 1207 videntur
823 1145 857 1206 et
882 1141 1034 1207 oratione
1052 1141 1264 1209 dissimiles“.
1298 1141 1458 1210 Ceterum

228 1273 312 1340 opus
329 1249 487 1338 paschale
504 1250 539 1314 in
556 1249 663 1314 multo
681 1247 808 1314 minore
818 1247 930 1335 pretio
943 1249 1060 1316 haberi
1076 1251 1245 1334 Carmine,
1263 1251 1338 1316 iem
1357 1273 1464 1338 supra

228 1356 342 1422 monui
355 1362 456 1443 atque
467 1355 591 1420 iterum
603 1376 729 1419 moneo.
743 1355 877 1440 Magnis
890 1359 1058 1444 angustiis
1071 1358 1231 1425 metricae
1241 1359 1457 1426 necessitatis

227 1463 495 1530 circumstrictus
520 1470 572 1529 est
595 1468 697 1548 poeta
722 1461 890 1528 schemate
907 1463 1128 1552 epanalepsis,
1155 1488 1219 1552 quo
1243 1487 1325 1529 usus
1348 1472 1402 1530 est
1421 1465 1457 1529 in

228 1573 349 1657 hymno
365 1569 483 1656 primc.
508 1569 558 1636 At
574 1592 637 1657 quo
663 1568 913 1635 artificiosiores
938 1577 1018 1636 sunt
1034 1593 1161 1652 versus,
1187 1596 1224 1638 eo
1246 1571 1457 1638 obscuriores

229 1679 332 1744 etiam
346 1676 533 1742 sententiae
550 1683 583 1742 et
600 1675 781 1756 verba,·ita
796 1681 837 1741 ut
853 1676 918 1742 nisi
934 1676 1130 1744 litterarum
1145 1685 1341 1746 sanctarum
1355 1677 1458 1764 gnari

228 1785 435 1872 scientesque
448 1806 581 1850 carmen
598 1805 703 1872 neque
721 1788 924 1869 cognoscant
937 1807 1044 1871 neque
1056 1783 1257 1872 percipiant.
1283 1784 1457 1851 Candidus

228 1914 307 1957 vero
325 1899 359 1958 et
382 1892 492 1958 mollis
517 1895 569 1956 est
593 1914 700 1958 sermo
723 1893 841 1979 hymni
866 1888 1026 1972 alterius,
1052 1890 1109 1979 qui
1134 1891 1287 1958 dimetria
1304 1891 1457 1959 iambicis

201 2040 207 2049 ·
229 2000 426 2066 acatalectis
440 2000 598 2067 decurrit.
608 1998 751 2066 Carmen
762 2023 803 2068 ex
812 1999 915 2066 animi
924 2021 1022 2064 sensu
1032 2005 1151 2086 poetae
1161 1999 1381 2086 compositum
1394 2009 1457 2070 est.

332 2104 471 2172 quenci
504 2105 699 2193 Seduliique
730 2106 880 2172 earmina
919 2107 1013 2194 epioa
1044 2107 1167 2196 quippe
1207 2107 1250 2173 ad
1283 2109 1471 2195 exemplar-

227 2221 379 2278 veterum
413 2213 598 2279 carminum
630 2213 798 2300 epicorum
838 2210 992 2299 inprimis
1028 2211 1168 2298 Virgilii
1203 2219 1385 2300 composita
1423 2222 1458 2283 et

227 2319 385 2407 aequales
422 2324 455 2384 et
491 2325 619 2406 posteri
654 2327 754 2386 tanta
789 2320 890 2386 laude
929 2329 1151 2408 exceperunt,
1195 2328 1235 2387 ut
1277 2320 1399 2386 abhinc
1436 2343 1457 2386 a

232 2425 426 2494 christianis
473 2432 595 2512 poetae
640 2427 786 2514 gentiles
834 2435 895 2493 aut
941 2435 1181 2514 spernerentur
1218 2435 1279 2494 aut
1318 2436 1458 2516 praeter

227 2535 307 2601 illos
331 2533 431 2600 etiam
456 2542 575 2621 poetae
600 2535 778 2602 christiani
801 2534 1007 2621 legerentur,
1032 2535 1134 2623 (quod
1150 2536 1303 2602 doctores
1320 2535 1456 2602 christi-

232 2641 504 2708 ani'iamdndum
528 2643 659 2708 frustra
674 2645 916 2730 intenderant).
953 2644 1085 2711 Sednlii
1109 2645 1259 2710 carmina
1288 2665 1325 2708 eo
1349 2643 1458 2709 maior

227 2747 336 2833 gloria
362 2754 478 2813 secuta
502 2755 570 2830 est,
597 2773 662 2838 quo
687 2751 794 2838 magis
821 2751 960 2838 Virgilii
982 2751 1140 2838 vestigiis
1164 2751 1302 2818 institit.
1355 2751 1456 2818 Hunc

229 2855 326 2943 quasi
342 2854 489 2921 alterum
496 2857 679 2944 Virgilium
695 2882 755 2948 per
771 2861 916 2926 medium
932 2881 1051 2925 aevum
1067 2857 1237 2922 habebant
1253 2865 1288 2921 61
1304 2854 1452 2922 admira·

227 2965 362 3031 bantur.
410 2963 464 3028 Ex
500 2963 650 3030 codicum
686 2987 788 3030 manu
820 2966 1023 3054 scriptorum
1055 2968 1152 3029 tanto
1183 2984 1320 3027 numero
1354 2961 1457 3027 facile

230 3070 476 3152 concludimus,
513 3077 639 3158 quanto
672 3095 784 3140 amore
807 3081 941 3161 poetam
965 3073 1128 3161 complexi
1153 3072 1222 3139 sint
1247 3077 1282 3137 et
1306 3070 1456 3136 carmina

227 3177 435 3266 arripuerint
467 3199 589 3245 omnes.
630 3178 756 3243 Parum
789 3181 902 3259 abest,
939 3201 1140 3267 quamquam
1170 3175 1364 3243 testimonia
1388 3198 1456 3241 non

228 3287 351 3367 babeo,
389 3286 470 3376 quin
502 3287 668 3354 affirmem
700 3311 822 3374 pueros
853 3287 986 3376 publice
1010 3286 1149 3353 luvenci
1172 3291 1206 3351 et
1230 3283 1360 3350 Sedulii
1386 3305 1456 3348 car·

140 3396 149 3410 ‘
226 3395 370 3462 minibus
386 3393 563 3460 institutos
582 3415 664 3475 esse,
690 3393 812 3481 qnippe
829 3415 915 3481 quae
932 3391 1075 3458 materia
1099 3396 1250 3457 tractata
1273 3388 1456 3476 gentilium

232 3510 406 3588 poetarum
430 3521 532 3586 opera
558 3499 765 3585 superarint,
791 3497 934 3586 poeticis
957 3497 1105 3562 numeris
1129 3495 1200 3562 fere
1224 3494 1454 3584 aequaverint.

229 3609 305 3674 Non
330 3609 436 3675 multo
460 3615 537 3697 post
561 3609 695 3674 Asterii
720 3608 902 3674 editionem
925 3609 1127 3674 instructam
1150 3613 1271 3694 poetae
1304 3603 1454 3691 antiqui:

227 3714 435 3780 Liberius
465 3719 507 3780 et
530 3714 784 3780 Belisarins
818 3713 993 3780 Sedulium
1015 3713 1169 3779 versibus
1194 3711 1393 3778 acrostichis
1417 3733 1456 3777 ac

226 3821 414 3888 telestiohis
431 3822 621 3908 (Sedulius:
649 3824 821 3910 Antiates)
845 3845 1026 3892 exornasse
1049 3829 1084 3889 et
1100 3822 1258 3888 laudasse
1281 3820 1454 3900 videntur,

229 3949 369 4016 quorum
408 3929 558 3994 carmina
593 3928 695 3996 etiam
727 3952 815 3995 nunc
846 3929 1007 4016 leguntur
1038 3928 1074 3993 in
1105 3925 1213 3994 Riesii
1244 3927 1455 4018 Antbologie

227 4033 641 4111 161116149261493.
689 4032 765 4115 Quo
789 4034 924 4102 saeculo
957 4036 1053 4100 ambo
1079 4034 1271 4115 floruerint,
1308 4032 1456 4099 nondum

227 4142 440 4231 exploratum
462 4148 524 4208 est.
558 4143 610 4210 At
629 4167 671 4210 ne
692 4144 827 4211 nomina
843 4144 976 4233 quidem
998 4150 1078 4210 sunt
1098 4143 1184 4210 satis
1207 4151 1309 4210 certa.
1342 4140 1456 4229 Inqui-

228 4271 342 4316 ramus
366 4248 488 4335 igitur,
525 4271 605 4314 num
640 4248 810 4326 codicibus
832 4250 943 4338 possit
966 4249 1159 4338 disceptari.
1219 4247 1360 4315 Codices
1382 4246 1455 4313 RO

227 4358 294 4446 (ap.
316 4354 479 4443 Riesium)
510 4358 672 4424 omittunt
703 4359 957 4448 inscriptionem
988 4358 1146 4426 carminis
1171 4357 1314 4425 alterius
1350 4356 1454 4445 (412),

228 4467 416 4534 inscribunt
440 4467 474 4533 A
490 4467 569 4535 etP
597 4490 735 4549 „versus
759 4468 940 4535 Bellesarii
964 4467 1163 4551 scolastioi“,
1194 4465 1456 4554 inscriptionem

228 4573 371 4640 alterius
399 4574 493 4661 (493)
520 4577 683 4643 omittunt
714 4575 842 4659 RAP,
874 4574 1052 4642 Liberti
1083 4574 1186 4642 habet
1214 4572 1353 4641 Barthii
1371 4571 1454 4682 cod.
