3196 5196
749 318 971 381 „10-

242 513 445 580 praenomen
480 490 566 558 illud
602 490 740 558 omittit.
787 490 829 557 In
860 491 1029 558 codicibus
1064 490 1351 578 Anglicanis‚
1393 515 1480 581 quos

245 599 425 687 descripsit
454 621 562 685 nuper
597 599 891 685 Zangemeisterus
924 599 1171 687 (Sitzungsber.
1205 599 1235 666 d.
1270 599 1383 668 Akad.
1415 603 1479 668 der

244 705 348 772 Wiss.
373 704 408 768 in
432 703 534 770 Wien
560 706 657 772 1876.
681 703 720 769 Β,
746 708 806 786 84,
840 705 884 770 Η.
909 708 943 788 3)
977 704 1205 792 praenominis
1236 705 1356 771 mentio
1380 707 1480 774 nulla

243 811 292 876 fit.
318 809 485 897 Equidem
508 833 615 900 neque
638 811 674 877 in
691 813 860 878 codicibus
873 811 1188 879 Vindobonensibus
1206 813 1352 902 quinque
1368 838 1478 905 neque

243 921 403 990 Mediceis
427 921 566 1001 duobus,
594 942 676 1009 quos
699 919 889 987 Bandinius
912 921 948 986 in
971 922 1127 1009 catalogo
1151 923 1207 988 ΠΙ
1233 929 1274 992 10
1304 925 1477 1008 describit,

244 1053 351 1120 neque
386 1029 623 1097 Ambrosianis
659 1037 805 1118 quatuor
843 1031 1042 1098 recentioris
1082 1032 1227 1112 aetatis,
1267 1054 1374 1121 neque
1409 1058 1479 1100 uno

243 1139 416 1210 Marciano
440 1161 643 1228 praenomen
667 1138 775 1204 ullum
798 1139 923 1206 inveni.
971 1140 1022 1206 At
1045 1140 1081 1214 in
1102 1163 1168 1206 uno
1192 1140 1332 1208 Barthii
1363 1141 1478 1208 codice

245 1248 375 1316 Liberii
406 1244 613 1334 epigramma
636 1242 672 1308 in
697 1243 827 1310 Sedulii
858 1243 992 1310 laudem
1024 1245 1245 1334 compositum
1279 1246 1480 1315 inscribitur

243 1361 295 1427 ita
319 1358 374 1444 (cf.
399 1357 503 1422 AreV.
518 1353 568 1420 ed.
593 1377 626 1441 p.
643 1354 721 1438 397)
749 1355 892 1438 „Liberti
911 1355 1103 1420 Aeroeticliis
1129 1355 1168 1420 de
1186 1355 1297 1420 Coelio
1314 1355 1476 1425 Sedali0.“

247 1470 432 1555 integrane
457 1465 503 1531 sit
526 1464 609 1530 haec
632 1463 733 1528 lectio
758 1485 877 1544 necne,
904 1463 1014 1530 dicere
1038 1485 1104 1529 non
1128 1485 1273 1551 possum.
1323 1463 1478 1555 Denique

245 1583 379 1644 veteres
404 1573 567 1641 editiones
598 1570 833 1658 respicientes,
870 1594 1012 1661 quarum
1044 1571 1232 1638 auctoritas
1263 1570 1335 1637 fere
1360 1573 1477 1639 eadem

245 1694 297 1754 est
321 1706 360 1751 ac
384 1681 534 1748 codicum
546 1679 861 1767 manuscriptorum,
886 1679 1076 1746 invenimus
1092 1702 1149 1746 eas
1162 1680 1360 1767 plerumque
1384 1704 1479 1769 prae-

244 1815 363 1860 nomen
386 1788 551 1855 omittere.
578 1785 628 1854 Of.
653 1786 677 1853 J
679 1788 735 1852 ani
760 1786 936 1853 Parrhasii
960 1786 1157 1868 editionem,
1184 1809 1270 1875 quae
1293 1787 1479 1854 Mediolani

245 1926 331 1970 anno
357 1903 440 1967 1501
467 1894 595 1983 prodiit
619 1895 896 1982 inscriptionibus
918 1895 972 1962 his
1000 1896 1147 1980 „Sedete
1167 1898 1474 1984 66161611,1111661616ιι

245 2005 370 2074 etalio
394 2004 466 2072 loco
502 2005 648 2085 „Sedete
669 2007 838 2070 ctre'stc'am‘
851 2015 966 2093 poetae
999 2030 1024 2070 c.
1049 2009 1106 2093 p.“
1142 2043 1187 2053 —
1217 2005 1272 2070 vel
1297 2004 1476 2071 editionem

248 2115 440 2204 Spirensem
463 2113 543 2179 anni
575 2112 739 2194 eiusdem,
782 2135 868 2201 quae
900 2111 1022 2201 incipit
1051 2113 1164 2180 verbis
1202 2115 1371 2195 „Pascbole
1394 2115 1478 2202 qood

247 2225 396 2290 Sedale'es
421 2244 546 2288 carmen
579 2223 676 2287 dedit.
715 2221 913 2308 Discipulos.
946 2221 1067 2286 Doctor
1098 2223 1189 2309 tepet.
1223 2235 1250 2286 et
1273 2223 1474 2286 monachae.“

247 2328 343 2411 Quae
375 2350 449 2394 cum
480 2325 531 2391 ita
564 2325 653 2406 sint,
693 2331 734 2392 ut
767 2347 875 2414 neque
908 2333 1042 2392 veteres
1067 2331 1222 2392 auctores
1256 2349 1365 2416 neque
1397 2329 1477 2396 libri

245 2434 514 2525 praestantiores
546 2475 588 2484 -
613 2441 780 2522 quatenus
805 2455 861 2500 eos
885 2433 1029 2520 cognovi
1059 2473 1103 2482 -
1135 2432 1219 2500 certi
1252 2433 1382 2523 aliquid
1403 2458 1477 2527 pro·

247 2545 371 2625 ferant,
396 2544 455 2610 vix
479 2543 645 2629 adducor,
677 2549 717 2610 ut
741 2542 887 2610 Cellario
914 2542 1069 2609 Grunero
1101 2541 1178 2609 aliis
1211 2542 1310 2608 fidem
1333 2543 1475 2610 habeam

248 2649 400 2718 Caelium
422 2648 528 2714 fuisse
545 2647 676 2715 Sedulii
697 2670 910 2736 praenomen.
951 2647 1136 2714 Praeterea
1160 2653 1195 2713 61
1220 2647 1256 2712 id
1279 2648 1477 2713 monendum

248 2761 302 2822 est
331 2755 402 2822 cod.
433 2756 515 2824 Vat.
550 2756 636 2843 Reg.
663 2761 679 2824 1
719 2755 855 2823 inverso
893 2756 1010 2823 ordine
1046 2755 1219 2822 Sedulium
1256 2755 1406 2824 Caelium
1439 2755 1476 2822 in

245 2862 466 2951 inscriptione
490 2863 659 2952 epistulae
689 2863 733 2930 ad
756 2863 989 2931 Macedonium
1021 2863 1195 2945 exhibere,
1233 2887 1297 2952 quo
1322 2864 1476 2954 quaestio

247 2971 356 3058 magis
388 2971 583 3060 implicatur
617 2979 653 3040 et
693 2971 860 3041 dubitatio
892 2979 1047 3059 augetur.
1108 2971 1281 3056 Ceterum,
1322 2973 1474 3062 quamvis

247 3079 466 3145 concesserim
478 3077 575 3144 inbis
584 3079 807 3166 epistularum
819 3078 1097 3168 inscriptionibus
1109 3080 1134 3162 1)
1142 3083 1262 3166 poetae
1271 3078 1476 3146 occasionem

249 3187 365 3253 datam
381 3184 488 3252 fuisse
503 3184 639 3251 nomina
655 3185 783 3268 edendi,
808 3185 909 3253 valde
931 3184 1156 3253 dubitandum
1169 3189 1230 3266 cst,
1254 3207 1334 3250 num
1356 3206 1477 3252 revera

248 3291 425 3380 scripserit
448 3291 513 3356 duc
530 3289 593 3356 illa-
608 3290 752 3372 nomina,
777 3290 970 3378 analogiam
982 3289 1141 3357 similium
1153 3290 1302 3358 locorum
1325 3289 1355 3356 si
1369 3289 1473 3379 respi-

246 3397 360 3465 cimus.
397 3394 448 3463 Cf.
473 3395 681 3463 Eucherium
704 3396 749 3463 ad
771 3397 944 3464 Hilarium
975 3398 1016 3464 de
1039 3396 1141 3464 laude
1164 3396 1279 3464 Eremi
1314 3395 1474 3478 „Domino

243 3510 361 3570 sancto
373 3507 409 3568 61
421 3500 555 3567 meritis
567 3502 762 3584 beatissimo
787 3503 874 3569 etin
894 3502 1030 3570 Christo
1047 3501 1288 3590 gloriosissimo
1302 3499 1475 3568 Hilario

244 3606 527 3676 Eucharius“.

352 3711 474 3800 Itaque
498 3711 643 3800 (quode
665 3712 868 3782 testimoniis
891 3720 1046 3782 veterum
1072 3722 1108 3782 et
1131 3713 1300 3782 codicibus
1323 3712 1472 3780 melioris

245 3825 347 3886 notae
377 3818 584 3906 colligimus)
630 3844 691 3910 pro
739 3829 830 3890 certo
870 3823 1036 3890 affirmari
1073 3846 1141 3890 non
1191 3828 1307 3912 potest
1345 3819 1476 3889 Sedulii

246 3949 450 4017 praenomen
474 3925 626 3996 Caelium
649 3930 773 4012 fuisse,
797 3932 897 3998 immo
922 3931 1059 3998 dubium
1082 3939 1251 4018 remanet,
1285 3953 1329 3997 an
1352 3929 1475 3998 sciolus

246 4033 339 4100 ullus
361 4031 543 4116 librarius,
579 4035 638 4124 qui
669 4058 872 4123 praenomen
905 4037 1040 4126 aliquod
1072 4035 1338 4119 desideraverit,
1376 4058 1475 4124 appo·

248 4141 356 4209 suerit
379 4140 467 4208 illud
495 4141 670 4225 „Caelius“
699 4146 753 4234 (z
773 4145 923 4230 divinus)
946 4146 1097 4214 fortasse
1121 4168 1161 4212 ea
1184 4144 1317 4212 ratione
1340 4142 1471 4218 ductus,

251 4273 318 4340 qua
343 4251 386 4318 ab
409 4251 486 4319 aliis
497 4254 523 4341 ²)
547 4250 809 4320 Seduliinomen
823 4253 973 4340 epitheto
995 4241 1051 4321 S-(l
1075 4256 1131 4340 (z
1149 4252 1302 4339 sanctus)
1319 4250 1366 4318 sit
1382 4271 1473 4317 exor-

356 4411 375 4482 ¹)
393 4413 506 4468 Domino
525 4419 615 4466 sancto
635 4430 665 4466 ac
676 4415 830 4467 beatissimo
850 4417 921 4482 patri
940 4416 1092 4468 Macedonio
1121 4417 1276 4482 presbytero
1304 4413 1429 4466 Sedulius
1447 4412 1476 4463 in

247 4501 352 4554 Christo
371 4503 492 4554 salutem.
517 4558 519 4562 ,

354 4587 374 4658 ²)
394 4591 433 4643 cf.
453 4590 510 4642 coe,
537 4591 598 4642 rar.
619 4587 697 4645 9347.
725 4590 773 4642 ror.
793 4588 827 4646 ab
850 4631 856 4644 .
878 4632 883 4644 .
903 4535 995 4645 iius
1012 4577 1068 4646 'sor
1088 4592 1216 4646 sanum
1236 4635 1241 4646 .
1263 4633 1268 4646 .
1290 4635 1296 4648 .
