3196 5196
639 323 839 386 „5-

233 497 327 564 Idem
351 495 526 563 consilium
549 497 699 564 centonis
722 497 827 563 fuisse
842 496 1051 562 demonstrat
1073 501 1109 561 et
1134 495 1352 583 epigramma,

123 605 215 695 quod
247 601 445 669 adscribunt
468 599 622 666 nonnulli
635 601 657 689 ²)
684 601 833 683 Probae,
859 607 893 667 et
917 600 1063 666 editores
1086 599 1122 664 in
1146 601 1256 688 capite
1280 624 1354 669 cen-

123 713 215 780 tonis
249 717 399 800 ponunt,
437 710 493 777 cui
526 710 723 777 inscribitur
757 710 813 776 vel
841 708 1026 794 „dedicatio
1060 710 1103 775 ad
1127 709 1353 777 Theodosium

124 824 362 910 Augustum“‚
389 821 445 887 vel
473 843 613 904 „versus
645 821 681 886 in
709 820 820 908 capite
845 818 976 886 Sedulii
1000 817 1207 901 seribendi“,
1244 825 1284 887 ut
1318 819 1354 884 in

122 929 235 996 Riesii
259 929 455 1016 anthologia
478 929 589 996 latina
614 933 695 1011 735,
725 930 782 996 vel
809 928 988 1015 „prologus
1013 933 1173 994 centonas
1198 927 1349 995 Probae“

123 1045 164 1106 ut
189 1039 341 1129 equidem
364 1039 434 1126 legi
455 1038 491 1105 in
515 1039 626 1106 codice-
649 1039 881 1106 Laurentiano
908 1040 958 1106 15.
983 1037 1070 1126 plut.
1096 1035 1228 1102 XXIII.

145 1262 173 1302 o.
197 1240 229 1304 3.
252 1287 273 1319 n
288 1285 530 1304 ........
556 1238 692 1325 eliquare
714 1238 880 1302 Maronem

251 1346 411 1410 Motorum
435 1347 468 1410 iu
493 1345 606 1410 melius
629 1346 736 1410 diuino
760 1370 929 1433 opuosccrc
952 1369 1053 1425 sercou,

255 1451 461 1516 deridendum
476 1451 608 1538 famulo
633 1473 723 1536 quem
746 1451 880 1515 iusseras
905 1499 912 1514 .
939 1499 945 1514 .
972 1500 978 1514 .

120 1647 149 1686 u.
174 1621 223 1686 12.
248 1621 340 1685 Hace
365 1621 484 1708 reteque
507 1643 665 1705 servesque
689 1619 747 1683 dic
770 1620 941 1706 tradasque
964 1620 1083 1684 meliori

252 1727 406 1807 Arcadio,
431 1729 506 1792 hoec
530 1728 585 1792 ille
608 1751 663 1791 sco
685 1728 886 1816 perierim
911 1729 985 1794 hoec
1010 1740 1064 1791 tuo
1087 1750 1206 1814 seraper

251 1835 401 1922 Accipiat
390 1835 534 1899 ttdooeu
523 1849 593 1919 tque
615 1858 687 1898 suos
710 1845 846 1922 coqueio
865 1857 1025 1921 propago.
1030 1835 1051 1868 “

231 2027 298 2094 Sed
321 2028 383 2093 hoc
407 2027 614 2094 christianae
637 2048 775 2114 poeseos
799 2048 921 2112 genere
953 2027 1068 2114 pueris
1100 2027 1232 2117 quidem
1255 2026 1350 2092 insti-

125 2136 262 2202 tuendis
286 2158 353 2201 uon
376 2136 489 2222 inepto
514 2136 605 2202 viros
630 2136 745 2201 doctos
771 2134 842 2200 eius
869 2140 902 2201 et
926 2135 1124 2222 posterioris
1142 2135 1268 2202 aetatis
1283 2157 1350 2201 non

123 2239 206 2306 adeo
231 2240 417 2306 delectatos
453 2263 526 2306 esse
558 2240 658 2306 facile
683 2239 889 2326 colligimus;
926 2263 1027 2306 nam
1040 2241 1175 2308 divinus
1207 2241 1350 2308 afflatus

124 2370 166 2414 ex
189 2347 249 2414 illo
274 2347 488 2434 cognoscitur
502 2347 628 2415 nullus.
653 2347 752 2414 Poesi
769 2348 956 2414 christiana
972 2349 1178 2416 increscente
1195 2356 1349 2417 centones

123 2457 254 2544 negligi
278 2456 390 2543 coepti
414 2462 503 2522 sunt.
551 2456 649 2522 Nova
683 2462 795 2522 autem
826 2463 860 2523 et
883 2479 1006 2543 magna
1029 2456 1237 2524 incrementa
1261 2457 1350 2544 cepit

123 2562 202 2644 illa,
241 2586 316 2630 cum
346 2568 467 2652 poetae
490 2563 581 2652 iique
604 2563 770 2650 ingeniosi
796 2563 1016 2645 exsisterent,
1057 2565 1113 2654 qui
1136 2565 1350 2652 praeclarum
1402 2547 1407 2554 ’

121 2667 298 2735 Lactantii
320 2668 486 2734 Firmiani
517 2669 607 2734 inter
630 2669 800 2756 prosaicos
834 2676 989 2736 auctores
1024 2671 1210 2758 exemplum
1241 2673 1350 2740 secuti

121 2795 177 2840 res
190 2775 322 2844 divinas
337 2800 378 2844 ex
390 2777 570 2864 gentilium
584 2784 761 2867 poetarum
776 2778 1025 2867 praestantium
1041 2801 1131 2845 more
1143 2785 1347 2847 tractarent.

123 2882 296 2952 Versuum
314 2888 400 2954 euim
424 2894 458 2954 et
481 2890 659 2954 verborum
684 2889 854 2975 elegantia
878 2894 914 2955 et
936 2894 1077 2955 ornatus
1101 2889 1143 2954 iis
1168 2911 1205 2954 eo
1229 2887 1349 2954 maiori

124 3014 225 3059 curae
242 3015 315 3059 esse
330 3015 465 3060 necesse
482 2999 567 3073 erat,
586 3016 649 3082 quo
666 2993 824 3081 graviore
837 3017 857 3059 a
869 3015 983 3059 rerum
994 2991 1183 3061 tractorum
1194 2995 1349 3061 novitate

121 3102 157 3162 et
191 3120 428 3187 nonnunquam
463 3098 649 3188 asperitate
672 3099 826 3187 profecta
856 3099 1013 3167 molestia
1044 3099 1281 3166 afficiebantur
1295 3135 1297 3139 v
1312 3099 1347 3182 ii,

121 3204 244 3292 quibus
267 3206 418 3271 carmina
441 3211 540 3272 eraut
565 3205 746 3272 destinata.

228 3370 351 3456 Itaque
376 3368 510 3434 saeculo
526 3393 558 3456 p.
576 3367 636 3435 Ch.
661 3391 694 3435 n.
721 3375 843 3457 quarto
867 3368 902 3433 in
925 3389 1049 3455 genere
1072 3389 1210 3456 poeseos
1226 3366 1345 3454 lyrico,

121 3483 259 3566 praeter
288 3476 486 3556 Lucretium
519 3475 702 3562 Virgilium
735 3476 760 3543 J
761 3478 936 3544 uvenalem
969 3477 1054 3543 alios
1078 3476 1259 3542 Horatium
1289 3476 1348 3542 im·

121 3582 239 3671 primis
262 3583 298 3649 in
321 3585 475 3652 versibus
510 3590 759 3674 metrorumque
791 3583 971 3650 schematis
999 3583 1165 3670 fingendis
1197 3591 1343 3666 secutus,

122 3691 214 3758 inter
256 3691 458 3758 christianos
502 3691 649 3779 palmam
687 3691 771 3757 tulit
809 3689 1022 3757 Aurelius
1057 3690 1346 3759 Prudentius.

120 3797 209 3862 Eum
230 3802 330 3864 tanta
352 3795 463 3883 gloria
488 3803 605 3864 secuta
630 3803 699 3877 est,
736 3801 776 3861 ut
809 3795 844 3861 in
867 3789 1041 3862 numerum
1065 3803 1242 3884 poetarum
1264 3797 1344 3864 lati·

228 4105 248 4170 ¹)
266 4106 360 4158 Adhuc
384 4107 433 4157 sub
459 4105 547 4156 iudice
572 4105 608 4160 lis
633 4109 686 4169 est,
707 4107 779 4176 ‘quis
808 4105 1004 4170 epigrammatis
1029 4108 1122 4156 auctor
1140 4103 1229 4155 fuerit.
1268 4103 1344 4154 Certe
1397 4085 1399 4089 i

118 4194 282 4246 Aschbaehio
312 4197 342 4262 (l.
362 4194 394 4260 o)
426 4194 492 4246 fides
512 4211 564 4245 non
583 4205 623 4245 est
642 4194 776 4258 habenda,
798 4209 873 4259 quem
896 4210 929 4245 ne
955 4195 1065 4244 minima
1085 4191 1191 4258 quidem
1211 4192 1344 4244 dubitatio

119 4284 218 4347 movit,
252 4297 408 4350 quamquam
435 4299 460 4337 v.
489 4283 519 4346 5,
552 4284 580 4334 in
611 4299 662 4348 quo
694 4285 810 4335 vertitur
839 4285 1005 4348 quaestionis
1033 4282 1125 4346 cardo,
1155 4282 1258 4333 codices
1292 4296 1346 4334 non

120 4370 265 4440 „famulao“
286 4370 369 4438 (quod
388 4371 537 4438 editiones),
557 4371 604 4424 sed
626 4372 755 4436 „famulo“
776 4372 913 4437 praebent.

227 4460 249 4529 ²)
268 4462 321 4513 Our
340 4477 355 4512 a
374 4461 490 4526 genuina
510 4461 628 4513 codicum
649 4461 739 4526 (etiam
758 4462 934 4512 Laurentiani
953 4465 979 4513 et
997 4461 1126 4514 Marciani
1145 4459 1206 4511 VII.
1227 4459 1260 4512 ol.
1279 4457 1343 4525 XII)

120 4553 232 4605 lectione
253 4553 380 4624 „semini“
403 4555 518 4607 editores
539 4555 683 4618 discedant,
705 4570 758 4604 uon
776 4554 863 4608 video.
