3196 5196
608 249 845 312 ·-19-

120 427 155 496 S.
180 428 321 496 Eusebii
352 426 553 516 Hieronymi
585 425 815 492 stridonensis
847 447 985 513 operum
1018 424 1165 493 editione
1195 433 1275 493 tom.
1299 425 1347 493 Π.

120 534 290 620 (Veronae
316 532 424 620 1735).
472 530 648 598 Adnexuit
686 530 773 597 enim
810 530 1010 617 Hieronymi
1045 529 1134 597 libro
1179 532 1237 608 „de
1267 531 1349 597 viris

122 640 340 708 illustribus“
365 639 533 706 Gennadii
557 662 640 727 opus
665 638 812 704 eiusdem
834 637 1074 726 inscriptionis.
1114 635 1240 726 Incipit
1263 638 1351 705 liber

120 772 141 815 a
166 748 240 814 vita
262 747 288 814 J
289 749 383 815 acobi
407 754 441 815 et
465 753 598 815 centurn
622 746 790 835 capitibus
817 751 871 814 tot
886 745 1036 812 virorum
1051 746 1239 813 illustrium
1254 749 1348 814 vitas

124 859 266 925 conficit.
313 855 444 922 Ultima
474 856 548 922 vita
579 879 620 922 ex
650 855 715 921 hac
744 855 937 921 recensione
962 855 1130 921 Gennadii
1155 855 1262 943 ipsius
1286 862 1347 930 est.

124 963 291 1052 Equidem
324 962 407 1028 duos
441 961 570 1028 codices
595 960 778 1041 Gennadii,
821 961 878 1049 qui
908 961 943 1026 in
967 960 1172 1050 bibliotheca
1196 959 1350 1046 palatina

120 1067 373 1135 Vindobonensi
404 1073 641 1150 asservantur,
686 1066 721 1130 in
761 1087 869 1131 mcum
907 1087 1005 1130 usum
1044 1067 1194 1151 contuli;'
1231 1067 1351 1134 horum

122 1177 211 1244 alter
228 1199 259 1241 n.
278 1179 317 1242 16
336 1173 580 1262 (1101171111)
600 1173 728 1240 saeculi
740 1173 848 1256 VIII„
864 1173 952 1240 alter
969 1196 1000 1238 1.
1020 1177 1084 1240 138
1102 1119 1299 1258 (dichind.
1316 1177 1349 1259 2)

123 1284 251 1351 saeculi
273 1281 349 1350 XV.
374 1288 436 1348 est.
485 1282 641 1369 Apparet
665 1281 906 1364 auctoritatem
930 1281 1052 1348 codicis
1075 1281 1175 1348 Vind.
1208 1287 1224 1348 l
1262 1281 1350 1346 idem

102 1405 105 1412 ’
123 1390 238 1456 valere
255 1413 295 1457 ac
311 1391 524 1473 Veronensis,
543 1415 640 1479 quem
656 1390 804 1457 ciusdem
821 1390 949 1457 sacculi
963 1413 1035 1458 esse
1052 1390 1351 1457 Reifferscheidius

122 1503 242 1562 auctor
265 1503 326 1563 est.
375 1495 542 1563 Subsidiis
567 1495 780 1562 Gennadium
811 1495 922 1583 operis
953 1501 1044 1562 recte
1075 1496 1278 1562 aestimandi
1300 1497 1351 1563 ita

122 1604 231 1670 auctis
249 1605 469 1698 inquiramus.
494 1613 609 1671 utrum
625 1627 782 1671 numerus
806 1604 863 1670 ille
888 1611 1022 1671 centurn
1045 1605 1194 1671 vitarum
1217 1605 1351 1692 integer

125 1711 189 1791 sit,
215 1733 258 1776 an
281 1713 396 1798 plures
419 1711 636 1799 paucioresve
661 1710 741 1777 olim
771 1710 875 1777 fuisse
906 1716 997 1778 recte
1027 1717 1228 1778 statuamus
1270 1707 1350 1778 Cod.

127 1821 227 1888 Vind.
245 1826 261 1888 1
286 1821 405 1908 incipit
429 1821 471 1886 ab
487 1843 593 1908 opere
609 1819 851 1906 Hieronymi„
857 1819 946 1885 de
913 1819 997 1884 viris
1013 1818 1110 1885 illust
1112 1819 1237 1899 ribus“¹
1264 1819 1353 1909 quod

123 1948 289 2037 duplicem
312 1945 564 2033 inscriptionem
586 1969 668 2034 prae
692 1969 727 2013 se
752 1945 836 2012 fert:
867 1948 1005 2035 ,10019101
1028 1969 1089 2011 sere
1091 1969 1151 2010 ese
1142 1946 1283 2010 illustria
1306 1946 1355 2008 sci
1383 1959 1386 1967 ’

122 2073 1352 2162 11110111191111111119111111111110111111111111,1109111011

121 2185 236 2261 vicora
253 2189 425 2264 illectrieffl
467 2198 619 2286 Singulis
642 2199 830 2267 nominibus
853 2206 1037 2280 auctorum,
1064 2197 1120 2285 qui
1138 2203 1348 2282 tractantur,

126 2319 283 2371 numerus
316 2310 368 2370 est
404 2304 589 2391 adpositus.
637 2303 870 2370 Numerantur
902 2309 1015 2369 autem
1053 2307 1114 2370 135
1149 2303 1283 2369 nomina
1318 2310 1353 2369 et

121 2413 224 2491 vitae,
250 2432 390 2499 quorum
407 2410 528 2475 ultima
545 2415 596 2476 est
611 2409 821 2496 Hieronymi.
856 2407 1066 2496 Subscriptio
1083 2409 1236 2496 sequitur
1251 2409 1350 2475 haec:

122 2540 184 2602 huc
215 2561 289 2624 asq3
322 2541 389 2604 beat
378 2554 427 2604 tas
455 2542 655 2672 hieronqus
685 2563 706 2624 9
735 2563 827 2624 seque·
856 2540 907 2603 aci
934 2538 1091 2627 pennadie'
1122 2539 1201 2624 prbi
1229 2537 1353 2602 ecclesie

127 2684 264 2747 mosselie
288 2697 436 2768 operest
424 2696 492 2746 tot
514 2685 606 2747 ciant
629 2707 737 2768 qoam
752 2683 907 2776 viderant.
947 2679 1110 2768 Sequitur
1131 2679 1205 2745 vita
1220 2678 1351 2746 Jacobi.

233 2801 451 2872 Conferamus
482 2829 558 2872 cum
588 2804 659 2886 his,
702 2828 788 2893 quae
819 2826 836 2870 1
872 2805 1039 2872 codicibus
1075 2827 1152 2870 1111.
1184 2809 1264 2870 sunt
1300 2826 1352 2869 ex-

130 2913 229 2975 arata
261 2909 406 2976 Notkeri
436 2910 576 2977 Balbuli
606 2910 725 2994 verba,
759 2910 800 2976 de
830 2909 1008 2999 interpret.
1040 2910 1109 2978 div.
1134 2911 1250 2997 script.
1283 2915 1351 2998 (ap.

129 3016 379 3098 Pezium‚·thes.
397 3017 556 3098 arcodi,
573 3042 605 3106 p.
624 3021 642 3084 7
659 3039 730 3105 cap.
749 3013 801 3106 9):
830 3015 888 3102 „si
900 3023 1014 3084 tamen
1027 3017 1183 3107 antiquos
1196 3013 1353 3083 auctores

127 3147 225 3192 nosse
241 3125 399 3208 volueris,
425 3125 501 3212 lege
525 3125 648 3194 librum
666 3126 757 3193 beati
768 3126 970 3213 Hieronymi
994 3127 1034 3192 dc
1057 3126 1250 3194 illustribus
1266 3127 1352 3194 viris

129 3228 159 3299 a¹
174 3233 209 3300 S.
231 3233 335 3302 Petro
359 3258 466 3324 usque
491 3236 533 3302 ad
558 3259 593 3303 se
616 3237 728 3324 ipsum
752 3243 787 3303 et
810 3235 996 3317 Gennadii,
1030 3234 1353 3323 Γ[0111111111-

127 3339 269 3428 scopi‚
295 3341 345 3406 ab
369 3341 598 3408 Ambrosio
622 3364 728 3431 usque
753 3342 796 3408 ad
820 3342 960 3407 eundem
984 3341 1225 3408 Gennadium.“
1270 3340 1354 3408 Cum

128 3455 294 3535 appareat
317 3446 358 3513 de
384 3446 560 3515 Gennadio
584 3449 657 3536 agi,
694 3449 751 3538 qui
775 3449 976 3536 Hieronymi
1007 3472 1090 3537 opus
1122 3450 1221 3538 quasi
1250 3451 1352 3516 conti·

125 3550 263 3632 nuavit,
300 3551 486 3619 difficultas
522 3555 672 3620 oboritur
709 3554 744 3619 in
774 3554 925 3643 epitheto
964 3553 1142 3636 „Toletani
1173 3556 1352 3644 episcopi“.

126 3660 291 3726 Affirmat
313 3658 464 3724 Ebertus
492 3653 543 3744 (L.
570 3657 610 3725 G.
637 3658 668 3727 d.
693 3659 740 3725 M.
764 3683 797 3748 p.
822 3662 888 3728 426
913 3661 1006 3748 aun.)
1047 3683 1192 3727 errorem
1216 3661 1353 3729 Balbuli

124 3771 278 3852 subesse,
315 3767 373 3859 qui
406 3768 581 3856 epitheton
603 3768 800 3858 ildephonsi
834 3769 1009 3838 Gennadio
1033 3768 1119 3836 falso
1144 3769 1352 3851 attribuerit,

125 3900 200 3944 cum
233 3878 407 3945 Arevalus
439 3877 583 3946 coniciat
621 3878 810 3947 Notkerum
843 3879 1032 3946 antistitem
1057 3877 1258 3944 Toletanum
1290 3877 1355 3944 sibi

126 3986 263 4053 finxisse
287 3987 510 4055 Gennadium.
549 3987 639 4053 Utut
662 3987 745 4054 haec
775 3993 873 4068 sunt,
911 3986 1086 4053 offendunt
1117 3985 1224 4071 magis
1248 3986 1354 4051 verba

132 4093 192 4175 „ab
215 4095 393 4163 Ambrosio
419 4119 525 4185 usque
549 4097 593 4164 ad
616 4096 758 4164 cundem
782 4081 1014 4164 Gennadium“
1047 4135 1093 4146 -
1121 4117 1200 4161 nam
1223 4093 1353 4160 codices

128 4203 162 4265 et
186 4199 349 4267 editiones
373 4209 413 4268 ut
438 4225 543 4292 supra
566 4203 835 4272 demonstratum
861 4209 929 4284 est,
966 4203 1008 4268 ab
1031 4201 1056 4268 J
1058 4199 1152 4268 acohi
1176 4197 1250 4264 vita
1273 4196 1353 4262 inci-

128 4304 236 4392 piunt.
276 4307 429 4389 Accedit,
455 4318 495 4378 ut
518 4313 639 4378 mirum
663 4334 736 4379 esse
750 4313 911 4379 videatur
926 4309 1142 4378 Ambrosium
1159 4306 1354 4394 episcopum

127 4412 225 4478 illum
246 4413 531 4484 Mediolanensem
562 4418 597 4483 in
621 4417 842 4485 Gennadiano
872 4439 971 4505 opere
995 4414 1116 4483 omitti.
1158 4410 1253 4493 Quae
1278 4433 1355 4476 cum

125 4519 177 4586 ita
201 4518 287 4601 sint,
324 4527 458 4620 rectene
491 4522 531 4589 de
561 4521 760 4610 integritate
786 4521 1000 4589 Gennadiani
1025 4521 1134 4610 operis
1159 4517 1355 4585 dubitamus

1206 4627 1244 4684 2*
