3272 5200
776 438 999 502 ..66-

339 637 344 646 ·
382 617 429 684 ΙΙ.
457 620 517 682 127
551 639 578 682 s.
611 613 785 702 (Sedulius
816 614 985 680 Herodem
1016 615 1220 704 alloquitur,
1269 638 1341 681 cum
1381 617 1513 683 liberos

276 728 381 796 occidi
404 727 573 809 iussisset)

439 835 515 911 Quoia
538 829 599 897 tibi
618 843 732 912 terere,
757 833 859 912 louz'c,
885 833 1025 896 cerueut’
1045 832 1125 896 tolio
1148 833 1279 895 sensus?

439 939 558 1016 Quosve
581 938 681 1001 dubus
697 938 858 1023 fremitus,
884 959 978 1022 quum
1000 938 1132 1002 vulueru
1149 937 1276 1025 fervere
1290 927 1364 1002 'lare

434 1047 631 1133 Prospicerae
654 1062 725 1108 arce
750 1069 787 1108 eor
809 1070 941 1126 auruum,
965 1055 1146 1130 castumque
1168 1047 1297 1126 videres,

434 1151 570 1215 Misceri
589 1165 661 1214 oute
685 1153 788 1214 oculos
811 1151 907 1214 lautia
923 1151 1135 1236 ploupore'bus
1156 1154 1293 1238 aequor!

384 1273 481 1360 Virg.
502 1271 591 1340 Aeni
605 1271 657 1338 IV
681 1276 746 1338 408
771 1293 797 1338 s.
824 1271 875 1338 ed.
900 1272 999 1339 Ribb.
1030 1271 1211 1358 (Virgilius
1235 1271 1401 1338 Didonem
1425 1273 1512 1340 allo·

282 1381 408 1472 quitur,
435 1401 509 1446 cum
532 1377 771 1467 profectionem
795 1399 816 1442 a
840 1375 997 1442 Troianis
1020 1377 1138 1466 parari
1162 1377 1317 1460 vidisset)

441 1490 517 1568 Quis
541 1489 598 1552 tibi
617 1488 730 1572 tum2),
754 1486 851 1562 Dido,
876 1489 1017 1552 cerueuu'
1037 1488 1118 1552 talio
1139 1513 1255 1568 seusus,

441 1599 561 1676 Quosve
585 1597 685 1660 dubus
708 1598 864 1688 percitus,
877 1619 946 1658 curu
970 1595 1062 1660 litora
1078 1597 1204 1682 feruere
1228 1597 1290 1662 late

437 1706 636 1790 Proapr‘ceres
659 1728 732 1770 arce
745 1728 795 1768 ea
817 1728 938 1769 summo
961 1718 1118 1790 totumque
1142 1707 1263 1771 uideres·

441 1815 574 1878 Misceri
595 1827 666 1877 oute
691 1813 796 1877 oculos
819 1814 915 1877 lautis
940 1814 1130 1878 clamoribus
1153 1817 1292 1900 aequor!

316 1945 319 1956 '
389 1939 493 2006 Vides
527 1938 701 2006 Sedulium
723 1939 864 2025 Virgilii
895 1939 1050 2006 versibus
1082 1939 1166 2008 adeo
1192 1941 1398 2010 delectatum
1422 1961 1508 2022 esse,

280 2054 320 2114 ut
344 2046 447 2113 etiam
471 2067 559 2111 vers.
585 2049 648 2112 411
677 2043 874 2132 retinuerit,
917 2043 991 2132 qui,
1027 2051 1066 2111 ut
1089 2044 1242 2128 videtur,
1283 2067 1403 2134 parum
1427 2066 1510 2133 qua-

279 2155 361 2222 drat
382 2154 427 2220 ad
442 2177 513 2220 rem
535 2153 709 2220 aSedulio
733 2144 930 2220 tractatam.
970 2153 1090 2242 Itaque
1114 2153 1181 2219 viri
1205 2154 1296 2220 docti
1320 2153 1381 2220 alii
1404 2153 1509 2220 aliter

276 2261 386 2328 locum
417 2260 473 2326 vel
504 2259 674 2348 explicare
706 2259 762 2324 vel
793 2259 970 2326 emendare
993 2260 1211 2327 conabantur.
1251 2260 1327 2327 Non
1350 2261 1509 2348 displicet

275 2366 456 2435 Arntzenii
489 2365 600 2454 opinio
624 2388 685 2453 pro
723 2369 877 2452 „aequor“
909 2368 1055 2446 „aetlra“
1090 2387 1162 2432 essa
1194 2367 1422 2434 scribendum:
1453 2370 1508 2437 At

276 2498 350 2541 eum
382 2476 522 2541 verbum
557 2477 709 2560 „aequor“
738 2473 772 2538 in
805 2472 941 2560 optimis
971 2472 1140 2538 codicibus
1173 2496 1251 2539 mss.
1275 2474 1423 2560 legatur,
1449 2499 1508 2543 ne·

277 2606 369 2650 cesse
401 2589 454 2650 est
484 2605 544 2648 nos
576 2581 849 2670 explicationem,
887 2602 972 2668 quaa
1004 2580 1113 2668 possit
1150 2579 1251 2662 ferri,
1283 2580 1506 2668 investigare.

278 2688 382 2754 Cuius
405 2709 522 2754 ansam
546 2686 628 2754 mihi
645 2685 803 2751 Sedulius
828 2685 901 2772 ipse
923 2685 1085 2774 praebere
1108 2684 1246 2751 videtur
1269 2685 1322 2752 his
1345 2707 1508 2773 prosae

276 2795 389 2861 verbis
418 2844 452 2870 ,.
473 2848 479 2862 .
498 2845 505 2860 .
524 2815 607 2881 quos
631 2793 788 2859 fremitus
805 2793 984 2858 eructabas
1001 2813 1170 2872 accensus,
1196 2785 1298 2880 quum
1319 2793 1508 2860 insontium

277 2899 420 2965 vulnera
460 2900 680 2989 parvulorum
715 2921 755 2984 ex
801 2921 878 2965 aroe
922 2922 1050 2965 summa
1086 2899 1293 2987 prospiciens
1332 2909 1508 2969 vastum

277 3006 465 3095 pelagus
489 3009 771 3076 lacrimarum
796 3008 1503 3078 cerneresinundationecollectum?“

276 3115 331 3181 Ex
353 3116 407 3182 his
431 3117 516 3183 satis
540 3124 639 3205 patet
661 3123 827 3203 „oequor“
850 3138 922 3182 esse
946 3115 1127 3203 genuinam
1151 3115 1339 3184 lectionem.

290 3239 293 3247 '
384 3225 421 3291 Π
451 3228 515 3292 293
548 3247 574 3291 s.
613 3224 676 3312 [De
712 3223 833 3290 dextra
869 3223 990 3290 semita
1025 3224 1186 3289 bonorum
1220 3263 1264 3272 -
1299 3224 1339 3290 do
1361 3226 1510 3296 sinistra

276 3334 454 3417 malorum]

542 3491 602 3508 ...
625 3441 781 3506 Deceleam
806 3443 981 3527 quicunque
1004 3465 1121 3504 ucceese
1144 3454 1197 3522 aet,

322 3552 389 3614 Aut
412 3550 534 3612 laevum
554 3548 726 3634 prodicitur
749 3547 817 3611 iter.
859 3545 920 3609 Sed
943 3545 1057 3609 deutra
1081 3547 1230 3610 bouoruru

323 3656 439 3720 Semela
464 3654 650 3739 couepieuoa
671 3665 760 3716 uocat
783 3652 818 3715 iu
843 3675 903 3713 oua
924 3649 1046 3736 yauda'u
1070 3652 1186 3726 iustos,

329 3760 430 3844 Inque
452 3775 529 3842 tuoe,
553 3759 751 3842 Patru'orolra,
774 3761 881 3822 riuus:
904 3771 945 3822 at
968 3759 1089 3823 laeua
1110 3760 1310 3824 malorum

322 3866 690 3952 Eecercetpoeuue,
716 3877 752 3927 et
775 3863 828 3926 ud
851 3865 982 3950 iuopia
1009 3864 1196 3927 Tartaru
1220 3865 1391 3954 mittite)

384 3987 480 4073 Virg.
504 3987 590 4053 Aen.
615 3985 667 4052 VI
690 3989 756 4052 540
779 4008 804 4052 s.
837 3984 903 4072 [De
935 3985 1065 4052 duabus
1095 3985 1179 4078 viisr
1212 3986 1257 4052 ad
1279 3987 1440 4074 Elysium
1464 4031 1514 4040 -

277 4097 320 4164 ad
345 4095 504 4184 Tartara]

321 4206 387 4270 Hic
411 4205 500 4269 loeus
522 4217 575 4283 eat,
594 4204 703 4289 partie
725 4205 834 4268 uliae
856 4203 908 4267 uio
927 4194 1024 4286 findit
1047 4205 1083 4267 iu
1106 4205 1232 4268 ombus:

321 4317 461 4381 Deutero
485 4336 565 4398 quae
588 4311 675 4376 Ditis
695 4313 810 4400 auoqur'
827 4313 882 4375 sub
906 4313 1029 4376 uroeur‘u
1052 4313 1159 4393 tendit,

387 4531 404 4599 ¹)
424 4531 532 4584 Codicis
550 4530 663 4583 Medicei
682 4531 761 4583 lectio
782 4532 876 4598 ,tuuc‘
896 4531 1042 4584 Seduliano
1060 4534 1118 4584 loco
1138 4534 1330 4598 comprobatur.

388 4617 410 4686 ²)
428 4618 556 4670 Nonnulli
574 4617 649 4670 codd.
670 4618 796 4670 exhibent
816 4616 935 4685 ,uinciri
964 4619 1033 4702 lroco
1046 4619 1195 4684 virgiliano
1214 4619 1314 4673 codicis
1326 4623 1515 4677 vetustissimi

280 4707 452 4760 'laurinensis
470 4709 550 4760 le‘ctio
572 4710 677 4779 ,matie
699 4709 890 4775 comprobatur.
