3196 5196
241 1702 549 1816 Hieronymus
572 1730 609 1795 in
632 1729 782 1817 epistula
807 1730 851 1796 ad
873 1729 1097 1796 Eustochium
1120 1737 1241 1798 narrat
1264 1732 1348 1799 haec

119 1875 146 1918 c.
172 1857 232 1919 30:
277 1849 380 1932 ,Cum
412 1855 491 1934 ante
515 1871 620 1916 annos
651 1850 813 1938 plurimos
847 1851 958 1935 domo,
1000 1851 1199 1939 parentibus
1233 1873 1348 1916 sorore

119 1957 273 2044 cognatis
298 1961 342 2037 et,
369 1955 457 2042 quod
480 1954 534 2020 his
559 1954 733 2021 difficilius
747 1961 808 2036 est,
835 1956 1077 2023 consuetudine
1100 1955 1259 2020 lautioris
1283 1955 1349 2023 cibi

119 2067 258 2150 propter
282 2061 450 2127 coelorum
474 2082 525 2126 me
548 2083 655 2146 regna
687 2066 890 2127 castrassem
923 2068 957 2127 et
980 2061 1230 2148 lerosolymam
1261 2060 1346 2126 mili·

117 2174 255 2234 taturus
293 2187 486 2252 pergerem,
533 2165 758 2246 bibliotheca,
800 2189 899 2254 quam
937 2167 1019 2231 mihi
1056 2166 1183 2232 Romae
1219 2190 1348 2234 summa

119 2274 232 2340 studio
257 2293 296 2338 ao
319 2269 437 2335 labore
462 2269 678 2350 confeceram,
705 2291 819 2336 carere
844 2271 975 2337 omnino
999 2293 1065 2336 non
1089 2277 1252 2360 poteram.
1276 2273 1346 2339 Ita-

119 2403 182 2468 que
205 2379 307 2446 miser
331 2401 392 2466 ego
426 2379 577 2446 lecturus
609 2379 806 2445 Tullium
834 2381 1039 2468 jejunabam.
1069 2382 1176 2448 ¹Post
1199 2383 1347 2449 noctium

119 2488 254 2552 crebras
278 2486 425 2572 vigilias,
451 2491 530 2574 post
552 2487 721 2568 1661111161,
747 2510 831 2575 quas
855 2488 937 2553 mihi
952 2489 1218 2576 praeteritorum
1233 2512 1343 2557 recor·
1440 2531 1445 2548 ·

118 2596 210 2660 datio
250 2599 465 2682 peccatorum
516 2616 556 2659 ex
591 2594 667 2661 imis
706 2595 893 2664 visceribus
941 2598 1101 2678 eruebat,
1156 2597 1347 2666 Plautus

117 2704 313 2769 sumebatur
346 2699 381 2764 in
410 2721 539 2767 manus.
588 2693 625 2766 Si
662 2702 795 2789 quando
824 2701 859 2767 in
887 2707 1008 2768 memet
1040 2703 1150 2790 ipsum
1183 2702 1344 2770 reversus

116 2812 299 2900 prophetas
323 2810 436 2896 legere
460 2809 661 2896 coepissem,
699 2833 838 2877 sermo
862 2811 1078 2877 horrebat
1109 2803 1345 2880 incultusss

118 2918 203 2983 Tum
237 2916 328 2982 mala
359 2914 447 2981 febri
477 2922 621 2982 vexatus
652 2939 713 3004 per
744 2939 895 2981 somnum
926 2917 970 2982 ad
1002 2916 1056 2982 dei
1088 2917 1241 2984 tribunal
1273 2940 1347 3007 per·

116 3026 210 3092 trahi
242 3025 305 3092 sibi
329 3025 531 3106 videbatur,
571 3025 630 3091 ubi
661 3031 796 3092 tantum
827 3025 963 3090 luminis
989 3030 1023 3090 et
1046 3030 1182 3091 tantum
1206 3030 1281 3090 erat
1306 3047 1347 3090 ex

117 3133 407 3202 circumstantium
456 3135 614 3208 claritate
652 3133 816 3220 fulgoris,
856 3139 897 3199 ut
934 3133 1104 3220 proiectus
1143 3132 1178 3198 in
1216 3139 1345 3199 terram

117 3261 251 3304 sursum
275 3241 425 3326 aspicere
448 3262 515 3304 non
539 3239 690 3306 auderet.
715 3239 955 3325 interrogatus
980 3238 1020 3303 de
1044 3237 1244 3320 condicione,
1271 3261 1346 3303 cum

118 3347 341 3414 christianum
366 3369 401 3412 se
425 3370 498 3413 esse
521 3347 765 3435 respondisset,
790 3346 865 3428 illc,
892 3347 950 3435 qui
972 3347 1208 3435 praesidebat:
1236 3368 1344 3432 „men-

116 3455 234 3538 tiris“,
270 3455 400 3544 inquit,
446 3455 785 3538 „Ciceronianus
826 3478 885 3536 es,
921 3478 1006 3521 non
1038 3453 1344 3522 Christianus:
1393 3503 1395 3508 -

117 3560 176 3627 uhi
211 3561 298 3632 enim
332 3560 514 3626 thesaurus
549 3559 597 3626 ibi
632 3567 666 3626 et
690 3582 747 3626 cor
770 3566 897 3627 tuum.“
929 3560 1098 3650 ,Denique
1126 3569 1204 3649 post
1235 3563 1345 3629 multa

117 3670 259 3734 verbera
283 3672 374 3746 (narn
404 3669 486 3734 deus
508 3690 582 3733 eum
614 3667 709 3734 caedi
739 3667 901 3758 iusserat)
931 3669 1064 3734 veniam
1095 3671 1240 3758 accepit,
1284 3671 1345 3737 sed

117 3783 231 3842 tamen
256 3775 323 3855 ita,
356 3779 461 3839 utne
486 3772 619 3861 quando
644 3772 823 3860 gentilium
846 3773 1041 3840 litterarum
1066 3775 1171 3870 libros
1204 3775 1344 3864 legeret.

119 3879 218 3966 Inde,
254 3881 290 3946 in
315 3878 481 3968 epistulae
504 3879 570 3945 fine
602 3879 1000 3967 asserit-Hieronymus,
1033 3887 1131 3948 tanto
1164 3882 1277 3950 studio
1309 3905 1345 3949 se

116 3987 240 4075 legisse
263 3981 389 4071 divina,
416 3995 542 4078 quanto
567 4013 633 4055 non
656 3989 782 4076 legerit
805 3996 884 4056 61116
913 3991 1118 4074 „mortalia.“

226 4095 466 4182 Cognoscimus
498 4119 538 4162 ex
561 4097 625 4164 hac
653 4097 854 4184 Hieronymi
885 4098 1081 4165 narratione
1114 4121 1194 4165 sane
1225 4101 1343 4182 multa,

119 4223 204 4290 quae
227 4225 287 4269 nos
312 4204 455 4271 doceant
479 4204 590 4294 qualis
613 4205 719 4271 1116111
734 4211 897 4292 vergente
922 4207 1056 4272 saeculo
1081 4213 1201 4295 quarto
1215 4231 1247 4295 p.
1262 4207 1343 4274 Chr.

117 4335 149 4378 n.
186 4316 220 4377 et
253 4311 476 4378 saecularium
509 4318 543 4379 et
578 4312 768 4378 divinarum
808 4312 1003 4380 litterarum
1039 4313 1198 4380 condicio.
1245 4316 1346 4381 Prae·

116 4421 279 4486 valebant
301 4418 400 4506 longe
423 4421 507 4500 illae,
527 4421 587 4502 ita,
613 4427 652 4487 ut
675 4420 854 4508 praeclara
871 4437 972 4508 opera
988 4427 1143 4487 veterum
1168 4427 1345 4490 auctorum

116 4526 269 4614 inprimis
308 4529 485 4613 poetarum
523 4527 559 4592 in
599 4526 753 4594 manibus
792 4527 985 4593 liberaliter
1027 4525 1153 4592 eruditi
1185 4528 1345 4618 cuiusque

117 4640 238 4701 essent.
263 4633 336 4700 Hoc
360 4633 457 4700 modo
481 4634 610 4716 evenit,
636 4640 676 4700 ut
700 4640 779 4722 post
802 4634 930 4723 templa
946 4640 981 4700 et
996 4635 1179 4700 simulacra
1191 4639 1344 4700 veterum

169 4775 319 4831 Hnemer,
336 4778 371 4822 Dc
386 4775 482 4823 sedulii
496 4776 559 4822 vita.
1222 4776 1238 4834 1
