3272 5200
616 295 840 359 ..69-

120 475 213 562 Virg.
230 472 291 541 Ge.
309 471 409 539 1244
445 471 612 535 Maximus
627 472 677 536 itio
693 472 818 558 fieuu
840 474 1011 536 sinuoso
1023 467 1045 554 ¹)
1070 468 1207 532 elabitur
1224 465 1340 554 anquis

200 579 242 648 (ir.
266 578 323 645 ΙΠ
339 581 404 646 439
443 627 450 642 .
477 627 484 642 .
512 579 631 665 linquis
654 579 749 644 micat
773 603 825 642 ore
848 577 987 642 trisulcis

157 687 243 754 Aen.
286 683 405 760 11381
443 732 450 747 .
477 730 484 747 .
511 696 539 747 et
562 683 693 747 caerulo
716 684 988 748 colio-tumentem

203 790 245 860 G.
269 789 326 856 ΙΠ
341 792 407 856 415
445 839 451 852 .
478 838 485 853 .
509 811 622 876 qroues
646 788 757 853 uidore
781 789 954 876 chelydros.
1028 833 1034 856 r

592 912 656 999 [De
680 911 749 977 filio
774 915 861 998 sero]

116 1043 221 1109 1110
245 1063 272 1106 s.
323 1088 331 1103 .
355 1040 476 1103 seuiore
498 1039 566 1102 uiro
583 1085 591 1100 .
609 1085 643 1100 ..

543 1197 550 1212 .
577 1193 584 1208 .
610 1197 617 1213 .
642 1169 727 1233 spem
751 1148 850 1234 ⁸qcrttis
873 1150 998 1235 opimae

329 1251 445 1316 Edidit
468 1263 496 1315 et
518 1273 623 1314 seruus
645 1252 809 1338 urspeodit
832 1253 1035 1317 odebero
1058 1253 1230 1334 ratumt)

156 1380 254 1469 Virg.
278 1381 365 1450 Aen.
389 1379 440 1446 VI
465 1383 528 1447 763
554 1428 613 1448 ...
647 1394 701 1444 tuo
722 1395 869 1467 postuma
886 1381 995 1469 proles

267 1491 363 1568 Quem
385 1489 448 1552 tibi
468 1487 617 1574 iouyaeoo
639 1511 743 1552 serum
766 1487 905 1552 Lauinio
929 1489 1066 1553 concursu

265 1597 388 1662 Educet
410 1596 498 1661 siluis
520 1619 624 1682 reqeur
647 1619 816 1683 requutque
835 1609 1008 1684 pereutere.

191 1745 237 1755 —
284 1705 369 1773 Aen.
394 1705 450 1771 ΠΙ
474 1705 539 1771 392
564 1705 709 1770 ...atti
729 1707 889 1769 circum
913 1706 1034 1771 ubero
1057 1707 1160 1770 uoti.

334 1831 396 1917 [De
421 1851 585 1919 aquarum
608 1868 652 1878 -
676 1829 717 1894 de
742 1834 895 1916 segetum
919 1829 1130 1918 intemperie]

113 1958 132 2023 I
156 1959 221 2025 152
244 1979 271 2027 S.
295 1957 419 2022 Rursus
442 1959 477 2022 iu
501 1957 618 2022 eructu
640 1958 748 2021 sr'ticus
772 1959 926 2022 exercitus
950 1958 1044 2036 aruis,

293 2067 362 2144 Quo
386 2067 518 2130 nimium
543 2065 613 2130 loco
635 2066 722 2130 sicco
744 2065 812 2146 diu,
838 2091 901 2151 quo
922 2077 1009 2130 terro
1031 2067 1153 2154 ueqatis

287 2173 393 2259 Aeqro
415 2160 537 2237 iacebat
561 2172 663 2255 aquis,
687 2194 749 2256 quo
771 2195 841 2258 spes
864 2171 971 2236 obluta
995 2169 1130 2236 ttteodr'.

173 2325 175 2330 -
223 2280 323 2368 Virg.
346 2279 433 2345 Aen.
456 2277 513 2344 ΠΙ
538 2279 599 2343 141
626 2300 653 2344 s.

315 2435 372 2451 ...
399 2400 465 2450 tutu
487 2385 609 2450 'steriles
632 2407 761 2450 euurerc
785 2382 891 2448 Sirius
914 2407 1018 2471 tyros,

309 2495 450 2559 Arebout
472 2493 583 2556 herbae
607 2504 634 2555 et
656 2492 769 2556 rictum
791 2514 876 2578 seqes
899 2514 997 2578 ocqro
1020 2491 1163 2577 urgebat.

223 2599 343 2687 Pergit
366 2597 426 2663 illo
449 2597 520 2674 loco
545 2594 720 2662 Sedulius:

374 2707 563 2792 Vebeudique
578 2706 659 2793 fur't,
683 2706 802 2770 sube'tos
825 2719 931 2771 arcute
953 2705 1079 2770 metallo

136 2896 141 2905 Ι
368 2815 487 2879 Hausit
510 2838 610 2898 equos
621 2814 658 2895 ³),
682 2813 842 2900 sterilique
855 2813 950 2878 dotes
973 2814 1011 2877 de
1035 2837 1113 2901 rupe
1137 2816 1344 2879 cucurrit.

226 2921 282 2989 Sic
307 2920 453 2988 editores
469 2917 642 2985 Arevalns
657 2917 868 2986 Arntzenius
884 2919 1060 2988 Grnnerus
1076 2917 1244 2986 Cellarins
1273 2919 1343 2986 alii.

116 3028 215 3097 Libri
244 3049 322 3096 mss.
355 3033 416 3094 aut
450 3027 626 3110 „erdod
662 3031 724 3091 eut
750 3029 927 3108 „mauoru“
954 3031 1015 3093 ent
1040 3018 1146 3114 m}
1173 3028 1343 3096 exhibent.

114 3135 231 3202 Monet
253 3132 347 3200 locus
370 3131 584 3224 Virgilianus
608 3129 672 3199 Ae.
695 3130 817 3199 11143
849 3145 955 3199 ..out
978 3157 1069 3200 uuor
1091 3137 1141 3202 hic
1171 3135 1211 3200 de
1240 3136 1346 3222 stipite

119 3248 248 3310 uauot“
274 3246 314 3308 ut
343 3238 520 3306 lectionem
546 3241 724 3325 „mtuovffl
749 3239 990 3327 praeferemus.
1022 3242 1120 3309 Hane
1142 3262 1250 3308 meam
1275 3240 1346 3330 opi·

116 3348 249 3416 nionem
280 3343 406 3434 optime
435 3344 550 3410 firmet
589 3342 669 3442 Cod.
695 3344 798 3413 Taur.
832 3344 955 3436 quim.
982 3349 998 3412 1
1024 3345 1127 3416 hebet
1153 3352 1344 3434 „maratt“,

117 3459 197 3522 m.2
223 3454 371 3522 correxit
398 3457 588 3538 „mcuouit“.

262 3574 329 3665 [De
352 3574 434 3642 sotis
457 3574 600 3642 orientis
624 3581 659 3642 et
681 3575 865 3643 occidentis
887 3574 1194 3664 vicissitudinibus]

290 3705 391 3773 1253
640 3755 727 3774 ....
754 3709 868 3793 quique
891 3708 1001 3772 ordire
1023 3720 1103 3772 certo
1150 3762 1152 3766 .

431 3815 528 3877 Nuuc
552 3815 666 3892 oritur,
689 3835 772 3878 uuus
795 3813 941 3878 occiduos
963 3813 1116 3876 demissus
1138 3815 1173 3878 io
1197 3837 1271 3878 oros

121 3916 220 4006 Virg.
239 3917 316 3987 (tl
338 3920 403 3986 438
417 3919 489 4012 ‚sot
504 3945 623 4008 quoquc
645 3932 673 3986 ct
696 3923 840 3987 cocorieus
860 3935 888 3987 ct
911 3945 981 3986 cuur
1004 3928 1036 3986 se
1051 3921 1162 3986 condet
1183 3922 1216 3986 iu
1231 3921 1346 3986 undas.

531 4027 641 4118 [Quae
665 4034 745 4098 sunt
767 4029 803 4094 in
825 4029 928 4114 votis]

116 4199 330 4210 *-

207 4273 209 4279 ’
227 4280 245 4349 ¹)
265 4283 304 4335 01.
322 4280 424 4334 Sedulii
437 4296 542 4346 prosam
564 4319 616 4346 „..
633 4321 639 4335 .
654 4282 801 4346 draconem,
822 4297 874 4348 qna
887 4282 1010 4347 vipereos
1025 4285 1113 4333 motus
1125 4281 1179 4331 tam
1198 4278 1345 4330 sinuoso

113 4372 220 4424 tlexu
238 4371 381 4435 volumina,
401 4383 480 4436 qnam
499 4370 624 4423 trisulcss
642 4370 772 4424 vibrando
790 4371 898 4436 linguas
915 4365 1067 4424 exercens“.

226 4460 247 4532 ²)
266 4463 306 4519 ct.
320 4465 354 4516 et.
369 4462 417 4516 Sil.
430 4462 471 4515 IV
483 4459 544 4528 379.
564 4462 624 4516 Vel.
637 4462 722 4516 Flacc.
735 4462 764 4515 11
777 4460 836 4518 185.

224 4552 246 4623 ⁸)
265 4555 305 4608 Gi.
325 4554 390 4610 Aen.
409 4555 456 4608 IX.
476 4552 511 4611 23
531 4571 717 4622 ..summoque
734 4555 822 4605 inrisit
841 4554 873 4606 de
891 4552 997 4621 qurqite
1016 4552 1142 4619 lymphas.
