3196 5196
651 277 875 339 ..39-

145 453 358 538 cognoscitur
392 449 532 516 titulum
581 450 676 515 illum
713 474 730 516 e
767 449 896 516 Sedulii
933 452 1047 518 verbis
1086 471 1189 538 supra
1227 449 1377 517 laudatis

147 563 329 646 (quattuor
354 581 434 644 ergo
458 557 664 624 mirabilium
684 559 872 625 divinorum
898 558 1046 646 libellos)
1070 564 1187 624 natum
1204 580 1286 625 esse,
1311 555 1378 624 Sed

144 687 209 730 non
234 686 317 750 opus
342 670 393 730 est
415 663 450 728 in
471 663 621 748 omnes1)
647 663 903 751 inscriptionum
928 663 1173 752 discrepantias
1197 664 1376 750 inquirere,

144 795 217 838 cum
253 768 425 836 eSedulii
456 767 563 856 ipsius
594 767 725 849 verbis,
760 791 778 834 3
810 769 903 836 codd.
937 770 1163 845 venerandae,
1183 768 1307 834 aetatis
1337 773 1377 832 ut

143 880 310 946 Parisinis
347 881 443 958 0347,
479 881 597 961 10307,
636 879 751 957 13377,
787 881 912 958 14143,
954 876 1053 944 Vind.
1092 876 1295 958 30111311.
1322 878 1375 958 23,

143 987 222 1054 Vat.
261 986 346 1073 Reg.
375 991 472 1051 2..
506 992 540 1051 et
570 985 773 1052 testimoniis
806 985 1108 1052 veterummultis
1141 986 1225 1050 satis
1257 989 1377 1071 pateat

144 1095 303 1168 carminis
332 1093 499 1178 integram
532 1091 785 1179 inscriptionem
818 1091 923 1158 fuisse
958 1091 1136 1179 „paschale
1161 1095 1314 1158 carmen“
1342 1097 1376 1156 et

147 1199 327 1286 ,paschale
359 1206 462 1287 opus“
488 1221 619 1287 prosae.
667 1199 718 1265 At
742 1223 814 1264 non·
830 1199 936 1265 multo
961 1207 1038 1286 post
1063 1199 1193 1265 Asterii
1218 1204 1374 1279 aetatem,

143 1315 181 1372 ut
206 1330 247 1373 ex
262 1307 375 1374 Bedae
393 1315 427 1372 et
443 1308 601 1374 Rhabani
617 1307 730 1373 Mauri
754 1329 853 1395 opere
868 1307 1018 1393 colligas,
1043 1310 1222 1373 verborum
1241 1307 1377 1372 inverso

143 1417 259 1483 ordine
286 1417 443 1483 dicebant
465 1423 500 1483 et
524 1416 716 1484 scribebant
740 1416 841 1482 etiam
881 1438 1033 1498 „carmen
1057 1415 1236 1502 paschale“
1263 1414 1375 1480 analo-

143 1523 243 1609 giam,
262 1529 302 1589 ut
315 1523 440 1610 opinor,
461 1523 568 1588 secuti
583 1529 622 1587 ut
634 1522 774 1591 Horatii
790 1544 923 1586 carmen
940 1521 1122 1603 saeculare,
1148 1519 1377 1586 Commodiani

142 1655 281 1697 carmen
313 1631 576 1717 apologeticum,
610 1630 762 1696 aliarum.
812 1631 910 1696 Hanc
943 1629 1100 1696 carminis
1123 1627 1375 1717 inscriptionem

141 1737 335 1823 retinemus,
362 1739 484 1828 quippe
509 1761 593 1826 quae
617 1761 704 1804 nunc
730 1739 819 1825 apud
844 1761 955 1804 omnes
980 1738 1025 1804 sit
1048 1737 1262 1824 pervulgata.

250 1843 332 1909 Alia
371 1845 524 1931 quaestio
562 1844 653 1909 inter
691 1843 783 1908 viros
808 1844 923 1910 doctos
957 1843 1091 1910 exstitit
1123 1843 1163 1908 de
1194 1867 1372 1910 numero

141 1951 359 2018 librorum
391 1954 549 2020 carminis
571 1954 718 2042 itemque
741 1977 871 2041 prosae.
920 1953 1026 2019 Poeta
1064 1952 1197 2041 quidem
1231 1952 1373 2039 ipsein

142 2061 289 2148 epistula
332 2063 375 2128 ad
421 2062 652 2128 Macedonium
686 2064 713 2129 Ι.
759 2085 932 2127 numerum
975 2061 1138 2127 librorum
1185 2060 1372 2148 descripsit,

141 2168 199 2232 sed
224 2168 303 2236 libri
333 2193 410 2238 mse.
441 2171 476 2235 111
508 2193 644 2236 numero
680 2172 892 2259 adpingendo
929 2169 993 2236 sibi
1030 2193 1095 2235 non
1130 2175 1287 2234 constant
1311 2169 1366 2256 (cf.

140 2271 245 2340 Arev.
273 2275 316 2340 ad
338 2276 387 2359 1,).
410 2275 527 2340 Etiam
551 2275 674 2342 codicis
702 2275 912 2362 praestantis
938 2275 1156 2340 [laurinensis
1187 2274 1374 2339 auctoritas

140 2406 206 2448 non
231 2384 340 2464 valet,
374 2385 431 2472 qui
457 2384 591 2451 exhibet
615 2385 637 2452 l.
663 2409 709 2451 c:
745 2387 818 2466 „Te
828 2389 888 2450 rti
895 2411 912 2450 0
945 2388 1044 2473 r'pitar
1075 2385 1270 2449 mirabilium
1295 2383 1374 2446 dici-

142 2516 256 2557 norum
295 2493 524 2573 11101113...“,
559 2514 632 2557 cum
656 2491 691 2555 in
731 2491 846 2556 eodem
884 2490 970 2555 libro
1015 2511 1164 2570 carmen,
1204 2495 1245 2556 ut
1282 2489 1374 2555 infra

142 2621 319 2686 exponam,
361 2599 395 2665 in
436 2600 580 2688 quinque
619 2600 722 2666 libros
763 2601 931 2686 digestum
979 2600 1034 2666 sit.
1087 2599 1253 2687 Equidem
1291 2605 1374 2687 puto

140 2704 317 2770 librarium
359 2705 483 2771 codicis
519 2705 721 2793 scripturam
757 2706 934 2793 archetypi
969 2705 1069 2794 (ΗΠ)
1112 2728 1178 2770 11011
1217 2710 1373 2770 accurate

142 2812 340 2878 distinxisse
372 2819 406 2878 et
440 2835 606 2879 exarasse.
654 2813 695 2879 111
727 2812 849 2898 Isidori
879 2813 965 2879 libro
1000 2814 1039 2879 de
1069 2812 1132 2881 vir.
1168 2812 1295 2879 illustr.
1333 2834 1373 2878 ex

141 2919 335 2985 recensione
371 2919 482 2985 altera
514 2920 656 3006 legimus
696 2921 890 3000 ,..edidit
921 2921 1054 2986 heroico
1086 2926 1192 2984 metro
1226 2919 1372 3007 quinque

135 3027 346 3094 ,mirabilium
387 3028 576 3094 divinorum
610 3028 743 3094 libellos
764 3083 769 3096 .
790 3083 796 3097 .
816 3034 843 3096 .“
889 3029 1000 3094 altera
1046 3079 1114 3112 „..
1140 3027 1247 3093 edidit
1281 3034 1371 3093 tres

140 3135 243 3202 libros
284 3134 453 3224 dactylico
488 3135 620 3202 heroico
656 3142 762 3202 metro
788 3136 1037 3222 compositae..
1057 3139 1084 3200 .“
1124 3132 1190 3200 Sed
1227 3157 1301 3200 cum
1337 3134 1373 3198 in

139 3243 287 3310 numeris
320 3244 504 3310 scribendis
536 3244 572 3308 in
595 3243 695 3311 libris
718 3268 794 3312 mss.
820 3245 903 3311 adeo
928 3249 1095 3332 peccetur,
1120 3243 1173 3309 his
1196 3242 1279 3308 fides
1302 3265 1368 3307 non

139 3454 311 3520 Honorius
325 3457 656 3544 Augustodunensis.
682 3459 904 3545 Discrepant:
930 3460 1130 3545 Anonymus
1153 3455 1368 3535 Mellicensis,

139 3562 197 3649 qui
212 3563 297 3628 duos
309 3569 444 3628 tantum
457 3563 562 3629 libros
576 3564 629 3649 (cf.
645 3587 787 3653 suprap.
797 3567 853 3649 10)
866 3569 900 3630 31
910 3563 1126 3642 Τ111113111133,
1141 3563 1198 3652 qui
1208 3569 1370 3650 quattuor

138 3667 342 3736 numeravit.
353 3668 533 3734 Librorum
541 3692 618 3737 mss.
628 3669 728 3736 multi
739 3668 829 3758 iique
838 3672 945 3736 bonae
956 3675 1056 3734 notae
1066 3691 1198 3734 carmen
1211 3666 1370 3757 paschale

142 3771 176 3836 in
201 3779 366 3860 quattuor
389 3777 494 3844 libros
520 3778 696 3864 digerunt,
721 3779 846 3846 librum
869 3781 1014 3868 primum
1038 3779 1096 3868 qui
1119 3785 1171 3844 est
1194 3779 1230 3843 in
1254 3778 1369 3844 editio-

140 3881 252 3963 nibus,
279 3891 312 3950 et
337 3885 483 3952 alterum
506 3887 541 3951 in
565 3910 669 3953 unum
694 3890 930 3956 contrahentes
955 3897 994 3956 ut
1025 3889 1095 3956 eod.
1121 3889 1200 3954 Par.
1228 3890 1269 3952 13
1292 3888 1368 3951 377.

138 4007 162 4074 f.
189 4007 249 4076 20¹>
273 4009 393 4096 Inci'pit
413 4011 575 4096 paschatis
598 4015 746 4076 carminis
777 4015 855 4077 liber
879 4016 1009 4101 primae
1036 4014 1076 4077 de
1098 4011 1233 4099 einpaiis
1256 4012 1369 4074 atrias·

275 4140 333 4200 qne
356 4119 528 4180 testamenti
552 4118 718 4181 miraculis
744 4141 831 4202 „cam
854 4143 912 4182 saa
934 4119 1064 4206 pactiles
1082 4167 1088 4181 .
1108 4167 1140 4181 ..

247 4359 264 4427 ¹)
279 4359 324 4410 01.
345 4359 407 4411 031.
436 4359 516 4411 vind.
546 4359 607 4414 233.
635 4377 655 4412 s.
682 4363 743 4413 XII.
772 4363 864 4429 incipit
892 4363 1010 4416 incitatio
1045 4367 1077 4416 de
1111 4368 1262 4431 presentibus
1292 4369 1369 4418 rebar

140 4449 255 4504 Sedala.
277 4451 339 4503 cod.
360 4453 415 4505 011.
435 4451 459 4506 2.
480 4453 533 4520 (ap.
553 4453 609 4519 Ar.)
639 4454 730 4518 incipit
749 4455 818 4505 tiber
839 4454 1112 4508 sanctiticatam
1133 4460 1321 4525 prophetaram
1346 4469 1369 4511 et

139 4549 186 4591 toto
206 4542 305 4596 Christi
324 4545 464 4596 calcatoria
483 4563 568 4597 caran.
