3272 5200
742 320 964 386 ...50..

243 493 319 560 Non
343 493 430 559 enim
454 494 539 560 hanc
563 495 739 560 materiam
763 516 805 561 ex
828 495 918 561 omni
939 500 1038 584 parte
1063 493 1238 561 absolvere
1263 492 1381 576 statui,
1407 492 1475 560 sed

236 603 274 668 id
298 609 432 670 tantum
458 602 689 670 demonstrare
712 603 807 670 volui
831 602 961 671 Sedulii
985 604 1134 671 carmina
1157 625 1218 691 per
1241 604 1384 670 medinm
1416 624 1474 668 ae-

237 731 317 774 vum
340 709 546 797 pervulgata
571 715 605 776 01
635 709 812 798 praeclara
845 709 964 776 habita
995 730 1077 776 esse.
1132 707 1181 774 Ut
1209 715 1325 775 tamen
1354 729 1475 795 perno-

244 821 379 895 scatur,
416 806 543 903 quanta
574 821 694 902 poetae
729 815 834 881 fuerit
858 814 1045 882 auctoritas
1069 814 1165 880 inre
1188 813 1410 901 grammatica
1434 818 1475 880 et

242 924 399 1004 metrica,
439 923 570 1013 aliquot
604 924 694 992 locos
731 947 749 991 e
782 925 1079 1011 grammaticorum
1110 923 1212 991 medii
1234 924 1311 991 aevi
1335 923 1475 1010 scriptis

238 1052 398 1120 propono.

346 1155 387 1221 In
411 1154 562 1234 Keilii
585 1176 725 1242 gramm.
750 1155 812 1222 lat.
835 1161 916 1222 tom.
940 1155 982 1222 V.
1006 1157 1038 1243 p.
1063 1157 1140 1221 579.
1161 1156 1205 1221 20
1228 1152 1369 1239 legitur:

221 1364 225 1372 Ι
350 1278 518 1364 „Gladius
543 1277 676 1364 generis
699 1275 877 1343 masculini
898 1281 939 1341 nt
962 1275 1119 1342 Sedulius
1143 1275 1252 1341 1167.

394 1385 546 1473 fere-idos
569 1387 723 1473 inspeciem
735 1387 757 1468 ¹)
780 1380 912 1471 plade'us
936 1395 1128 1447 consumeret
1149 1383 1294 1446 11001001ί

239 1517 272 1582 p.
299 1496 361 1560 571
390 1492 532 1576 (nomine
556 1491 687 1558 Sedulii
711 1491 855 1574 omisso).

353 1619 506 1706 „Arvum
529 1619 663 1705 generis
686 1618 809 1697 neutri,
834 1616 983 1688 utillud
1008 1616 1165 1698 „incolite
1189 1622 1327 1683 arvum“
1354 1615 1473 1706 plura-

244 1729 327 1796 liter
363 1750 447 1794 arva
486 1725 728 1816 „Galilaeaque
763 1731 878 1793 arva“.
926 1726 981 1812 (of.
1015 1724 1091 1792 Sed.
1116 1724 1190 1791 IIII
1217 1728 1278 1792 189
1317 1724 1473 1791 Galilaea

237 1861 302 1923 pei·
336 1836 425 1921 areo)
462 1872 503 1882 —
538 1833 581 1900 H.
607 1833 830 1919 Hagenus‚
867 1831 902 1898 in
924 1830 1110 1897 Anecdotis
1141 1828 1345 1910 Helvetieis‚
1382 1851 1473 1917 quae

245 1940 289 2005 ad
312 1938 568 2027 grammaticam
592 1937 736 2003 latinam
759 1941 932 2025 spectant,
958 1958 976 2003 e
1000 1935 1069 2002 eod.
1094 1935 1257 2001 Bernensi
1284 1939 1346 2004 123
1374 1958 1400 2002 s.
1425 1935 1472 2002 X.

241 2047 350 2114 edidit
372 2071 404 2135 p.
429 2045 592 2112 XXXVI.
650 2100 655 2107 .

352 2171 547 2260 „Numquid
570 2170 651 2237 licet
673 2168 769 2236 nobis
793 2167 879 2235 alias
902 2174 1019 2257 partes
1047 2166 1210 2234 orationis
1233 2191 1295 2256 pro
1317 2167 1474 2235 interiec-

249 2281 398 2349 tionibus
422 2279 568 2368 ponere?
615 2277 715 2344 Licet
738 2276 872 2365 quidem
906 2280 941 2342 et
977 2275 1167 2361 singulares
1202 2280 1237 2341 et
1259 2274 1392 2363 plureS,
1429 2282 1473 2342 ut

110 2423 114 2433 ·
245 2387 351 2468 nefas,
376 2384 567 2475 pronefas,
592 2405 653 2471 pro
677 2382 819 2470 Iupiter,
842 2403 903 2468 pro
928 2379 1032 2462 dolor,
1056 2386 1103 2446 ut
1127 2379 1357 2448 Sedulius:

400 2493 463 2558 Pro
487 2491 601 2556 dolor!
626 2491 746 2554 oeterni
767 2487 993 2570 1110001100,
1021 2485 1165 2550 Crescere
1181 2499 1352 2572 postquam

407 2603 516 2690 Coepit
540 2605 639 2689 oripo,
658 2601 753 2688 perd,
780 2599 962 2683 clademque
978 2623 999 2662 0
1014 2601 1126 2662 0001100
1141 2601 1306 2687 0001000111
1328 2597 1380 2682 (H
1393 2601 1413 2665 9
1426 2597 1469 2685 S.)

238 2709 281 2777 ef.
308 2717 342 2776 01
363 2733 395 2799 p.
421 2713 496 2787 2611,
522 2711 552 2776 5.

350 2863 382 2926 p.
409 2835 497 2903 CXI.
526 2836 570 2902 in.
585 2833 788 2902 Commentis
811 2832 847 2898 in
863 2832 989 2899 Donati
1014 2838 1123 2899 artem
1150 2834 1331 2900 secundam
1354 2857 1371 2901 e
1396 2837 1468 2903 cod.

241 2943 406 3013 Beruensi
429 2947 506 3011 386.
1031 2952 1033 2955 ’

353 3068 446 3155 „Ede
474 3067 599 3134 multos
623 3089 741 3134 sensus
776 3066 896 3133 habet:
933 3064 1065 3154 quando
1090 3065 1257 3154 equaliter
1280 3067 1473 3136 declinatur

222 3210 224 3214 ·
245 3181 306 3248 edo
332 3178 404 3246 edis
429 3177 510 3256 edit,
536 3176 706 3262 significat
721 3175 876 3262 parturio
893 3175 965 3240 sive
980 3173 1121 3241 informo
1138 3177 1227 3242 unde
1242 3175 1472 3246 Sednlius:

374 3285 490 3349 Edidit
513 3296 541 3348 et
563 3306 667 3348 serum
689 3281 853 3368 suspendit
876 3281 921 3346 od
943 3282 1041 3346 ubera
1063 3288 1196 3346 natum“
1219 3281 1251 3368 (I
1276 3283 1354 3370 113)

240 3419 274 3482 p.
300 3391 483 3460 CCXXXI.
521 3391 587 3476 (De
608 3390 741 3456 Iuliano
766 3388 930 3456 Toletano
953 3391 1173 3476 grammatico
1197 3411 1271 3458 oum
1301 3393 1473 3481 excerptis

239 3499 395 3583 ineditis)
420 3497 494 3582 „Da
517 3495 575 3564 ubi
598 3518 616 3560 r
639 3494 808 3584 liquisset.

405 3606 544 3672 Clemens
568 3621 634 3671 erat
650 3609 761 3694 ponis,
789 3605 930 3670 (doristus
946 3619 1051 3692 petro,
1079 3604 1280 3672 Cleostrata
1303 3609 1430 3672 tencaf‘

1249 3710 1382 3796 (1159)

244 3841 277 3906 p.
302 3814 514 3883 CCXXXIII
537 3819 590 3883 20.
615 3815 716 3900 (idem
740 3814 1021 3897 deessentibus).

357 3940 471 4023 „Inter
499 3945 621 4029 „pone“
648 3948 683 4009 et
703 3944 825 4029 „pone“
844 3941 923 4029 quid
941 3940 1073 4009 distat?
1097 3939 1135 4008 Si
1151 3941 1266 4009 dixero
1293 3949 1417 4030 „pone“
1439 3951 1476 4012 01

246 4047 455 4137 paenultimo
478 4047 550 4114 loco
584 4048 742 4116 habuerit
775 4055 965 4130 accentum,
1002 4046 1068 4113 erit
1101 4048 1242 4114 verbum
1275 4047 1475 4136 imperativi

239 4154 339 4221 modi.
386 4153 441 4219 Da
462 4153 534 4219 eins
558 4152 688 4240 exempl
747 4205 753 4221 .

403 4265 489 4329 Pone
511 4265 725 4344 supercilium,
748 4266 780 4328 si
799 4275 828 4329 te
851 4265 1011 4351 oopnosoie
1034 4264 1205 4328 ame’com.“
1229 4262 1312 4352 (13)

240 4395 273 4458 p.
302 4368 501 4437 CCXXXV.
527 4367 629 4456 (idem
653 4367 694 4434 de
716 4366 960 4456 metaplasmo).

352 4594 369 4660 ¹)
388 4597 493 4659 1090010
512 4593 543 4644 Μ
551 4592 604 4645 VL.
