3272 5200
741 367 963 431 ..54-

236 545 400 627 cohibuit,
438 545 496 635 qui
532 545 668 633 cognita
703 545 756 611 sui
791 543 928 611 sceleris
963 539 1115 628 nequitia
1150 541 1323 626 indignam
1359 539 1467 606 vitam

237 649 339 736 digna
364 658 472 718 morte
495 652 617 732 finivit,
642 651 683 717 de
708 674 771 741 quo
797 651 848 717 ait
872 648 1048 716 Sedulius:

394 760 481 825 Turre
503 765 551 826 cir
574 763 776 848 apostolicos,
801 761 981 826 eieceritis
1004 773 1149 846 apostata
1166 759 1301 846 jbetui“

1115 862 1160 950 (V
1188 865 1263 948 138)

344 973 467 1042 Confer
490 975 630 1063 insuper
652 974 757 1042 Arev.
783 974 892 1062 praei.
915 998 947 1062 p.
976 977 1052 1040 100.
1078 979 1113 1039 et
1136 995 1241 1060 supra
1266 996 1297 1060 p.
1320 975 1377 1039 44.

344 1081 470 1148 Libri
494 1079 717 1162 carolini,
757 1080 905 1169 Capitul.
932 1081 972 1146 de
995 1080 1095 1167 imag.
1123 1080 1181 1146 lib.
1206 1079 1252 1145 Il.
1279 1101 1305 1146 c.
1331 1082 1375 1146 30
1398 1078 1410 1166 l
1432 1101 1465 1166 p.

237 1189 342 1276 Mign.
366 1195 391 1258 t.
417 1191 458 1254 98
484 1212 515 1276 p.
542 1191 641 1266 1100)

349 1294 417 1376 „Eo
442 1293 565 1360 etenim
580 1299 739 1381 tempore,
765 1317 830 1384 quo
845 1294 981 1381 Moyses
997 1315 1073 1358 cum
1087 1293 1215 1381 populo
1233 1291 1288 1358 dei.
1303 1292 1339 1357 in
1356 1314 1466 1358 eremo

238 1400 434 1466 morabatur
458 1404 492 1463 et
515 1398 743 1486 praecipiente
756 1388 910 1464 'Domino
934 1420 1052 1464 sacrae
1082 1385 1168 1484 legis
1209 1397 1398 1464 doctrinam
1433 1405 1471 1465 et

239 1506 521 1574 caeremoniarum
545 1507 790 1574 sacratissimos
813 1508 902 1574 ritus
933 1507 1058 1595 populo
1091 1506 1257 1573 tradebat
1292 1514 1327 1574 et
1363 1529 1471 1593 genus

239 1614 420 1680 humanum
444 1614 488 1680 ad
513 1614 619 1681 divini
655 1614 767 1681 cultus
802 1614 1023 1682 eruditionem
1061 1613 1288 1694 informabat,
1325 1612 1471 1702 Cecrops

240 1719 376 1807 quidam
411 1742 470 1785 rex
504 1720 765 1786 Atheniensium
801 1720 992 1786 daemonico
1027 1719 1166 1786 illectus
1203 1741 1329 1785 veneno
1368 1719 1473 1785 rudes

239 1825 419 1912 gentilium
440 1833 569 1910 mentes
605 1827 649 1893 ad
683 1828 862 1914 imaginem
898 1828 1223 1915 simulacrorumque
1248 1833 1283 1893 et
1305 1849 1472 1894 vanorum

241 1929 377 1996 deorum
402 1931 557 2024 culturas
581 1932 762 2014 excitavit,
800 1939 835 1998 et
865 1955 930 2020 quo
954 1940 1105 2021 tempore
1129 1931 1277 2019 populus
1304 1932 1357 1998 dei
1380 1954 1474 1998 man-

241 2037 322 2102 data
345 2037 439 2105 vitae
462 2040 631 2128 percepit,
667 2040 729 2106 hoc
764 2039 823 2106 ille
858 2039 1041 2106 illiciendis
1077 2039 1254 2106 animabus
1287 2045 1473 2128 perpetuae

241 2145 361 2212 mortis
384 2145 505 2234 pocula
529 2143 579 2211 et'
597 2144 752 2212 diuturni
787 2145 912 2211 erroris
936 2145 1118 2212 seminaria
1156 2144 1394 2233 praeparavit,
1433 2144 1474 2210 de

241 2276 306 2342 quo
333 2261 386 2319 est
409 2252 713 2320 illud·Se‹lulii:

397 2362 480 2440 Quos
504 2363 613 2427 labala
635 2363 766 2438 matam,
791 2388 870 2450 quos
891 2367 982 2429 eoois
1004 2365 1115 2430 dedito
1139 2367 1226 2428 curis

392 2471 502 2536 Attica
528 2470 679 2559 Cecropii
697 2475 795 2560 serpit
818 2473 966 2538 doctrice
988 2475 1129 2546 veneni.“
1154 2471 1187 2560 (I
1210 2475 1254 2538 39
1279 2470 1320 2558 s.)

350 2577 582 2666 Appendix
605 2579 648 2646 ad
677 2577 791 2646 Caroli
817 2580 935 2667 Magni
958 2580 1059 2668 capit.
1089 2581 1129 2646 de
1153 2580 1253 2665 imag.
1289 2576 1346 2663 (M.
1372 2583 1398 2642 t.
1425 2578 1467 2640 98

242 2708 275 2771 p.
295 2684 411 2770 1320:
441 2681 618 2767 „Sedulius
640 2685 677 2751 in
699 2686 786 2752 libro
809 2685 871 2751 IV.
897 2685 1067 2772 paschalis
1091 2685 1270 2751 carminis:

395 2792 467 2854 Parc
486 2793 594 2855 erroris
616 2793 682 2878 ipse
698 2792 779 2878 fuit,
804 2791 1000 2877 violentoque
1017 2792 1132 2856 robora
1152 2792 1306 2855 membris.
1326 2838 1333 2852 .
1352 2794 1385 2854 .“

1075 2894 1121 2980 (V
1139 2896 1339 2983 rar-195).

353 3004 550 3071 Teudulf
557 3028 621 3088 us,
646 3005 821 3093 episcopus
834 3003 1104 3086 Aurelianensis,
1130 3026 1233 3070 carm.
1259 3004 1281 3070 l..
1306 3004 1367 3072 IV.
1392 3029 1418 3072 c.
1449 3011 1475 3073 1.

245 3116 309 3201 (ed.
336 3113 448 3204 Sirm.)

393 3224 481 3289 Oura
503 3225 615 3289 deceris
631 3239 765 3312 potrum
789 3229 844 3290 nec
867 3239 935 3290 erat
951 3238 1113 3312 postrema
1132 3228 1272 3310 piorum,

392 3335 631 3412 Quorum-sunt
653 3334 755 3398 subter
778 3336 909 3398 nectabo
931 3335 1052 3420 scripta
1076 3333 1163 3397 vide:

273 3485 276 3488 -
390 3439 606 3514 Seduiius,
628 3439 848 3522 Rutilum),
873 3438 1040 3518 Paulinus,
1064 3436 1200 3518 Arctior,
1225 3437 1338 3501 Avitus

392 3549 433 3612 Et
456 3549 661 3630 Fortunatus,
685 3563 779 3634 tuque
801 3548 947 3628 Juvence,
973 3550 1105 3612 tonans!

355 3651 623 3738 Smaragdus
648 3653 802 3734 abbas,
839 3651 1052 3718 collectiones
1087 3652 1123 3716 in
1158 3651 1257 3738 epist.
1294 3658 1329 3718 ct
1353 3673 1475 3739 evang.

248 3760 317 3847 (ap.
341 3760 445 3846 Migo.
469 3766 494 3826 t.
523 3764 585 3828 102
619 3785 651 3849 p.
681 3764 755 3846 188)
805 3758 983 3843 „Qualiter
1008 3782 1089 3826 sane
1112 3759 1275 3826 Dominus
1312 3760 1347 3824 in
1379 3781 1478 3826 cruce

246 3864 387 3952 positus,
414 3867 536 3954 quidve
560 3869 675 3935 eadem
700 3867 924 3934 sacratissimi
947 3866 1097 3956 corporis
1121 3867 1244 3955 positio
1279 3866 1407 3953 regalis
1443 3865 1480 3931 in

248 3994 284 4039 se
306 3978 390 4061 typo
415 3976 602 4056 contineat,
628 3975 786 4042 Sedulius
802 3975 838 4040 in
854 3974 1013 4041 Paschali
1030 3973 1177 4040 carmine
1200 3970 1382 4060 pulchre
1408 3991 1480 4036 ver-

248 4080 341 4148 sibus
368 4081 473 4150 dixit:
714 4083 717 4090 ’

399 4188 550 4255 Protinus
573 4192 607 4255 io
623 4192 736 4279 patuli
755 4214 922 4276 suspensos
945 4190 1080 4254 cclmr'rre
1103 4189 1189 4276 lipsi

400 4296 564 4384 Religiooe
580 4298 644 4384 pia
666 4311 791 4361 mittans
813 4296 1008 4361 discriminis
1031 4297 1113 4358 iram
1130 4342 1137 4357 .
1157 4344 1164 4359 .
1182 4298 1215 4361 .“
