3196 5196
629 421 671 434 -
718 389 851 461 33.-

123 560 244 627 hsbuit
289 560 468 627 librarium
509 562 703 651 ceteroquin
744 562 959 634 oscitantem..
1011 562 1128 631 Lectio
1171 565 1352 651 „Tuscium

124 665 282 754 plurimis
308 674 344 735 et
367 670 502 757 optimis
527 670 695 738 codicibus
720 674 895 758 probatur.

232 774 301 840 Pro
325 777 474 857 ,Asterio‘
495 775 621 844 habent
645 776 739 843 codd.
756 777 861 843 Laur.
887 781 922 844 et
940 775 1037 843 Vind.
1064 777 1106 842 85
1129 777 1352 864 „Ansterins“,

126 881 184 947 sed
208 880 311 948 iidem
336 883 403 948 alio
429 883 502 950 loeo
526 890 618 951 recte
640 885 810 968 ,Asterius
831 886 1006 972 praebent.
1048 884 1090 950 ln
1114 884 1355 974 epigrammate

127 987 297 1069 eiusdem,
323 988 411 1076 quod
433 988 469 1054 in
491 989 663 1055 nonnullis
692 989 784 1058 codd.
812 995 890 1076 post
914 988 1193 1077 subscriptionem
1216 989 1353 1078 legitur,

127 1114 248 1158 nomen
272 1091 443 1179 integrum
466 1098 580 1159 exstat
603 1116 634 1160 V.
660 1098 681 1161 4
703 1093 885 1180 Asteriiqce
908 1097 1004 1161 ini..
1037 1094 1093 1180 (cf.
1117 1095 1208 1162 infra
1230 1121 1262 1186 p.
1286 1102 1354 1185 35).

125 1201 237 1287 Magis
264 1199 402 1266 variant
425 1199 505 1266 libri
527 1198 563 1264 in
586 1198 718 1265 nomine
741 1198 845 1265 Rufii.
887 1199 1066 1285 Legrmtur
1090 1201 1194 1268 enim:
1235 1205 1352 1292 Rufus,

127 1311 260 1392 Rufius,
286 1308 421 1394 Rufius)
454 1309 608 1388 Rufinus,
644 1307 779 1371 Rnssins
805 1309 865 1392 (?)‚
896 1306 1035 1394 plurimi
1069 1309 1163 1375 codd.
1199 1309 1356 1379 exhibent

126 1416 274 1496 ,Rudent
323 1416 417 1482 Haec
440 1416 510 1480 tria
533 1415 685 1500 nomina,
718 1437 803 1504 quae
829 1415 961 1503 quidem
985 1416 1167 1483 statuimus
1198 1420 1354 1500 ‚Tuccius

126 1523 241 1607 Rufius
270 1522 430 1587 Asterius
453 1521 578 1608 optime
603 1521 773 1611 quadrant
796 1521 841 1588 ad
864 1521 976 1587 virum
998 1521 1096 1587 illum
1121 1546 1161 1589 ex
1185 1528 1351 1616 subscrip·

128 1629 219 1696 tione
237 1629 309 1695 cod.
327 1628 424 1716 Virg.
441 1629 560 1696 Medio.
579 1629 663 1696 satis
678 1636 795 1696 notum
811 1627 924 1713 (Ribb.
940 1628 1027 1716 prol.
1046 1653 1077 1716 p.
1096 1633 1174 1720 222)
1190 1635 1355 1716 „Parcius

130 1755 244 1836 Rufius
259 1755 466 1842 Apronianus
481 1756 626 1822 Asteries
642 1744 695 1823 ceo.
709 1773 744 1822 ei.
757 1759 820 1843 inl.
838 1761 986 1823 encomiis
1001 1758 1119 1822 domest
1135 1805 1248 1824 .....
1272 1763 1351 1826 urbi

126 1866 285 1951 patricius
300 1878 325 1928 et
341 1865 454 1928 consul
468 1865 572 1930 ordei.
590 1867 656 1954 lepi
676 1879 704 1930 et
728 1867 884 1931 distinoni
904 1865 1038 1929 codicem
1050 1864 1174 1950 fratris
1190 1865 1356 1931 Maeliani·

128 2013 175 2053 nc.
188 2011 252 2052 non
262 2012 332 2052 mea
340 1988 469 2070 fidncia
480 2003 524 2054 set
537 1993 602 2054 eins
617 1993 665 2056 oni
680 1992 709 2054 si
725 2004 751 2053 et
763 1991 809 2054 ad
820 1996 925 2054 omnia
937 2013 1006 2053 snm
1018 1989 1142 2054 decetne
1155 1990 1289 2054 arbitrio
1304 1989 1363 2055 XI

127 2117 190 2180 bai.
223 2102 299 2180 Mai
326 2118 484 2183 Bomue“.
509 2165 542 2181 ..
593 2115 647 2181 Ex
671 2115 768 2203 siglis
793 2103 833 2181 cc
858 2116 1037 2183 lectiones:
1071 2117 1180 2201 quinto
1210 2142 1237 2180 v.
1262 2140 1287 2182 e.
1313 2155 1357 2166 -

130 2247 196 2308 ciro
224 2243 312 2307 eiuro
335 2243 383 2307 cel
406 2244 584 2308 clarissimo
616 2279 661 2292 —
690 2244 797 2328 quinto
822 2245 942 2308 nicorio
972 2281 1017 2292 -
1048 2266 1132 2306 nnnc
1156 2241 1213 2328 (ex
1235 2228 1290 2326 nc)
1313 2277 1358 2289 -

129 2377 166 2416 oc
180 2389 226 2400 -
241 2355 338 2417 ortae
362 2356 458 2435 sunt;
488 2349 621 2438 reliqua
645 2348 902 2438 subscriptionis
925 2350 1032 2415 verba
1056 2347 1168 2414 codice
1194 2344 1354 2411 vetustis·

129 2456 212 2524 simo
230 2457 335 2524 Taur.
352 2457 453 2523 facile
469 2457 691 2522 emendantur
718 2508 754 2538 „.
772 2506 779 2522 .
798 2505 805 2522 .
823 2471 852 2521 et
874 2481 912 2521 ece
932 2457 1055 2521 consede
1079 2456 1248 2520 ordinario
1265 2468 1358 2539 atqne

130 2565 198 2653 (vel
213 2567 265 2649 oc)
284 2569 434 2654 patricie.
450 2565 664 2651 Ccd.Rem.1)
691 2563 859 2631 Sirmondi
880 2564 1005 2654 aliique
1028 2563 1186 2634 exhibent
1208 2564 1359 2646 „console

130 2675 319 2739 ordinario“
342 2678 385 2758 (a.
403 2676 491 2758 494),
518 2673 575 2740 sed
602 2672 788 2740 auctoritas
813 2672 1014 2761 optimorum
1031 2673 1195 2739 librorum
1213 2677 1248 2739 et
1263 2678 1357 2738 vetu-

130 2781 274 2848 stissimi
306 2782 444 2859 suadet,
481 2787 521 2848 ut
552 2783 729 2849 lectionem
765 2784 953 2864 ,percensita
977 2783 1167 2848 ordinori0“
1189 2779 1357 2868 praefera-

129 2911 214 2954 mus.
259 2886 342 2954 Oum
373 2888 670 2977 fastographorum
701 2913 814 2957 errore
844 2889 973 2956 factum
1003 2896 1111 2970 esset,
1157 2894 1198 2956 ut
1229 2887 1359 2954 duobus

131 2993 324 3060 consulibus
349 2994 476 3060 saeculi
500 2995 609 3082 quinti
632 2995 720 3060 idem
743 2994 876 3060 Asterii
898 3016 1016 3060 nomen
1039 2993 1184 3060 inditum
1208 2993 1263 3074 sit,
1290 2993 1355 3058 dis-

130 3104 301 3191 putabant
316 3104 382 3169 viri
399 3104 498 3185 docti,
524 3104 686 3192 quomodo
703 3103 863 3170 Asterius
886 3104 942 3169 vel
965 3101 1131 3172 Asturius
1156 3099 1360 3189 (promiscue

131 3209 219 3275 enim
252 3208 443 3296 appellant)
476 3209 591 3275 consul
623 3208 703 3275 anni
725 3212 791 3277 449
822 3207 909 3296 (cum
935 3209 1139 3294 Protogene)
1173 3205 1214 3271 ab
1240 3204 1358 3285 altero,

131 3315 267 3383 consule
301 3315 380 3382 anni
411 3319 478 3384 494
516 3316 604 3403 (cum
634 3315 840 3403 Praesidio),
881 3315 1028 3382 discerni
1062 3322 1178 3404 posset
1212 3317 1247 3380 et
1280 3319 1360 3378 uter

133 3422 266 3490 Sedulii
297 3420 446 3487 carmina
477 3420 670 3508 collegisset
706 3426 741 3487 et
777 3419 992 3506 divulgasset
1020 3420 1075 3508 (cf.
1111 3420 1216 3489 Arev.
1253 3421 1362 3509 praei.

131 3555 162 3618 p.
193 3529 350 3618 73-84).
375 3531 426 3596 At
450 3529 551 3596 alteri
574 3515 797 3618 praenomina*
814 3529 937 3595 Turoio
954 3529 1053 3596 Rufio
1071 3529 1267 3618 Aproniano
1291 3551 1364 3596 esse

132 3658 172 3701 ex
196 3634 444 3723 subscriptione
476 3635 546 3702 cod.
572 3634 668 3721 Virg.
693 3633 835 3700 Medioei
866 3633 1055 3721 colligitur,
1089 3635 1206 3701 eadem
1228 3633 1364 3700 nomina

133 3741 294 3828 (Turcius
336 3741 457 3808 Rufius
495 3741 670 3825 Asterius)
706 3742 808 3808 etiam
844 3741 973 3809 Sedulii
1011 3743 1195 3809 carminum
1236 3741 1363 3807 editori

132 3847 254 3929 fuisse,
287 3869 392 3937 aeque
423 3847 560 3915 ecodd.
586 3869 691 3936 supra
714 3847 938 3914 conclusimus
949 3847 984 3935 2).
1031 3846 1162 3914 Deinde
1186 3847 1363 3934 inscriptio

243 4026 263 4094 ¹)
281 4027 359 4078 Hunc
390 4031 496 4093 praeter
526 4028 648 4079 Iahnium
675 4027 704 4095 (1.
730 4025 762 4094 c.)
791 4028 912 4093 sequitur
946 4029 1091 4080 Teuffelius
1116 4028 1145 4078 in
1169 4028 1233 4081 hist.
1252 4043 1273 4078 r.
1292 4028 1311 4084 l.
1330 4027 1363 4078 R.

134 4132 159 4182 p.
175 4115 246 4173 1120
267 4121 381 4169 aetatem
401 4118 503 4170 Sedulii
524 4118 689 4171 definiturus.

247 4207 269 4278 ²)
288 4209 394 4262 Codicis
417 4210 513 4274 Virgil.
534 4225 667 4272 censorem
687 4215 713 4261 et
732 4209 835 4263 Sedulii
854 4210 999 4261 carminum
1018 4209 1147 4260 editorem
1165 4206 1276 4258 eundem
1295 4221 1362 4269 esse,

141 4314 171 4350 ex
190 4300 388 4366 epigrammatis
414 4300 494 4350 etiam
513 4300 615 4364 verbis,
643 4315 711 4365 quae
731 4300 941 4366 subscriptiones
967 4303 1129 4365 sequuntur,
1161 4297 1301 4361 colligitur.
1322 4295 1363 4347 cf.

139 4389 193 4444 cod.
213 4390 282 4443 Med.
304 4388 387 4456 (Iahn.
401 4407 426 4457 p.
441 4388 506 4459 344)

243 4473 439 4549 „Asterinmqne
458 4501 533 4534 snum
551 4483 629 4534 nicam
647 4482 797 4534 transmittit
814 4485 844 4535 in
863 4483 969 4537 aenum“
990 4486 1016 4535 et
1038 4480 1127 4534 Sedul.
1148 4479 1203 4532 eod.
1224 4476 1304 4529 Vind.
1328 4473 1364 4530 85

139 4575 166 4626 in
185 4590 246 4626 ann.
266 4589 355 4638 gymu.
375 4573 467 4627 Austr.
487 4590 512 4639 p.
532 4571 603 4638 502).

244 4661 406 4727 „Asteriiqne
424 4660 465 4711 sni
483 4677 582 4726 semper
601 4657 745 4711 meminisse
764 4660 877 4713 debeto“.

189 4769 340 4822 nosmet,
355 4767 391 4812 De
406 4763 501 4811 Sedulii
513 4743 578 4810 'vita
1241 4748 1258 4805 3
