3272 5200
646 348 867 410 ...(53.-

141 522 227 589 Cum
250 523 303 589 his
328 523 429 588 velim
453 523 688 590 conferantur:
726 523 1024 590 Godesoalous
1049 525 1087 610 (s,
1110 522 1211 606 Vlll)
1236 521 1308 588 Vit.
1334 520 1367 587 S.

140 630 350 697 Landeberti
375 653 426 718 ap.
452 631 540 698 Mab.
565 631 643 699 Act.
669 631 702 698 S.
728 632 783 697 ΠΙ
806 656 837 720 p.
863 635 915 698 61.

254 735 310 818 „Si
338 737 465 825 pagani
488 736 649 822 figmenta
672 759 775 802 saeva
800 743 834 803 et
857 736 1004 802 nefanda
1038 734 1171 823 prolixa
1207 736 1368 802 studeant

138 866 302 931 pomposa
335 845 482 932 plurima
524 845 696 910 mendacia
726 844 895 910 codicibus
934 843 1004 909 suis
1044 842 1289 922 commendare,
1329 849 1369 909 ut

138 971 256 1014 eorum
292 972 381 1014 vana
415 949 525 1036 gloria
563 949 749 1034 discurrat;
794 973 853 1016 cur
887 971 947 1016 nos
979 948 1165 1015 Christiani
1198 948 1369 1016 salutiferi

139 1063 316 1124 taceamus
340 1059 502 1125 miracula
526 1058 665 1140 Christi,
690 1082 764 1126 eum
787 1058 953 1145 possimus
977 1061 1060 1124 ete.“

104 1224 109 1231 .
248 1165 529 1234 Walafridus
555 1166 715 1233 Strabo
740 1165 779 1253 (s,
803 1166 868 1254 lX)
904 1164 975 1230 Vit.
1013 1164 1047 1232 S.
1083 1164 1276 1230 Blaitmaici
1312 1187 1365 1251 ap.

136 1272 228 1338 Mab.
253 1273 332 1341 Act.
358 1273 392 1341 S.
416 1272 467 1340 IV
490 1299 522 1362 p.
549 1275 624 1341 398.
902 1301 903 1304 ¹

296 1381 336 1447 Si
356 1396 479 1446 teretem
502 1407 641 1448 meruere
657 1408 721 1470 pro
746 1383 885 1446 eor-rnolee
902 1381 1041 1468 semona,

301 1488 366 1564 Qui
385 1489 608 1553 scelerosorum
631 1512 733 1552 mores
757 1502 783 1551 et
803 1489 895 1573 facta
918 1489 1056 1552 tulerunt

296 1595 464 1658 Laudibus
486 1596 521 1658 c'o
545 1595 672 1673 eoelum,
690 1594 824 1682 perfusi
843 1595 1003 1658 doemonis
1027 1607 1103 1673 arte,

300 1701 435 1765 Frivola
458 1715 608 1766 nectentes
632 1701 790 1766 homiuum
812 1703 999 1766 monomenta
1022 1703 1197 1766 oratorum:

299 1805 366 1871 (lor
389 1831 451 1871 oon
475 1808 603 1872 liberius
626 1788 805 1871 sauctorum
823 1809 919 1894 facto
944 1808 1116 1872 cenamus?

245 1912 330 1977 Yso
362 1912 579 1998 magister
604 1915 644 2001 (s.
669 1911 733 1998 IX)
761 1914 801 1980 de
824 1913 937 1979 mireo.
962 1913 1002 1979 B.
1021 1912 1151 1980 Otmari
1175 1937 1227 2001 ap.
1251 1915 1363 1981 Pertz.

134 2019 226 2086 Mon.
252 2020 290 2086 H
312 2045 343 2108 p.
369 2025 422 2086 59.

248 2127 344 2209 „Non
372 2151 532 2215 pomposa
563 2131 742 2196 verborum
767 2130 1259 2218 complexionesupervaeuam
1293 2131 1364 2196 lau-

139 2233 297 2299 dantium
325 2235 467 2320 gloriam
492 2244 717 2325 auoupantes,
755 2235 813 2302 sed
845 2235 1010 2302 dictorum
1033 2237 1264 2302 tantummodo
1289 2237 1364 2302 sim·

144 2341 304 2427 plicitate
320 2341 500 2406 veritatem
518 2362 630 2406 rerum
646 2341 885 2430 quaerentibus
902 2342 1078 2409 ostendere
1102 2341 1317 2430 cupientes.
1334 2347 1361 2410 .“

244 2445 350 2512 Vita
374 2446 407 2512 S.
433 2447 631 2513 Remacli
664 2454 752 2513 anot.
790 2469 887 2514 anon.
913 2450 952 2533 (-
978 2447 1043 2531 IX)
1080 2471 1132 2536 ap.
1169 2449 1259 2514 Mab.
1284 2449 1362 2514 Aet.

134 2551 167 2620 S.
192 2553 231 2617 Π
255 2578 286 2640 p.
311 2557 386 2620 469.

201 2699 203 2702 -
246 2657 350 2740 „Cum
375 2662 420 2727 sit
445 2663 595 2730 studium
619 2663 797 2750 gentilium
821 2686 883 2728 sua
905 2665 1065 2751 figmenta
1090 2670 1124 2729 et
1147 2685 1252 2730 vanos
1274 2663 1361 2731 ritus

137 2791 292 2834 errorum
315 2769 505 2839 luculenter
530 2780 649 2860 aptare
673 2773 845 2838 obscoenis
882 2771 1103 2854 carminibus,
1141 2795 1245 2861 eaque
1280 2795 1363 2839 oom-

137 2877 296 2944 mendent
320 2879 354 2943 in
378 2887 575 2968 perpetuam
591 2879 786 2946 memoriam
807 2881 872 2948 sibi
897 2881 1192 2970 subsequentibus:
1218 2904 1277 2948 cur
1301 2905 1361 2969 ego

134 2984 257 3048 sileam
281 3006 341 3050 neo
364 2986 547 3075 proloquar
569 2985 750 3053 manifesta
774 3008 877 3074 opera
901 2985 1072 3054 Christi?“

243 3087 352 3155 Vita
366 3089 398 3158 S.
412 3091 617 3158 Mederioi
629 3100 718 3158 auct.
733 3116 829 3159 anon.
840 3092 934 3181 (sX)
945 3093 1180 3181 ap.Mab.Act.
1191 3092 1360 3180 stupe.

249 3194 307 3277 „Si
330 3196 554 3263 saecularium
579 3197 761 3286 scriptores
784 3197 987 3265 litterarum
1004 3199 1131 3264 famosa
1155 3198 1363 3287 quorundam
1475 3283 1478 3289 Δ

134 3310 235 3389 gesta
258 3327 415 3395 pomposo
440 3306 645 3373 studuerunt
667 3306 824 3394 prosequi
856 3303 955 3388 stilo',
991 3306 1179 3394 famamque
1213 3305 1363 3392 ipsorum

133 3413 176 3478 ad
201 3413 359 3478 notitiam
382 3421 593 3502 posterorum
617 3413 784 3502 prolixam
807 3421 877 3480 tam
908 3413 1060 3502 prosaico
1092 3437 1191 3502 quam
1223 3415 1361 3481 metrico

133 3516 298 3584 deducere
331 3525 549 3586 certaverunt
572 3519 714 3607 eloquio,
751 3542 846 3585 suam
876 3520 993 3607 utique
1017 3518 1167 3586 volentes
1191 3525 1361 3588 ostentare

133 3626 362 3715 sapientiam.
383 3681 414 3695 ..
439 3650 500 3694 cur
524 3629 597 3694 veri
620 3627 684 3693 Dei
709 3627 888 3694 cultores“‚
908 3679 941 3695 ..

242 3733 504 3801 Translatio
530 3735 562 3804 S.
590 3735 842 3801 Theobaldi
876 3742 965 3802 auct.
999 3759 1095 3803 anon.
1133 3736 1234 3824 (circa
1263 3737 1362 3824 1080)

132 3861 185 3927 ap.
212 3839 301 3907 Mab.
326 3839 404 3906 Aet.
430 3841 463 3908 S.
489 3842 540 3906 lX
562 3866 595 3930 p.
624 3847 696 3910 llo.
1107 3825 1109 3828 ¹

242 3948 462 4028 „Mortalium
497 3949 616 4017 laudes
653 3960 688 4017 et
725 3951 889 4018 humanas
920 3950 1047 4017 infulas
1079 3951 1210 4042 antiqui
1240 3959 1360 4041 poetae

131 4053 225 4120 soliti
261 4077 425 4142 pompare
461 4061 685 4142 tyrannorum
719 4077 902 4145 regumque
940 4056 1103 4124 victorias
1142 4059 1177 4123 in
1215 4059 1359 4146 publicis

131 4161 281 4226 theatris
305 4183 467 4228 enarrare
491 4202 532 4218 —
568 4163 635 4230 Illa
659 4186 740 4230 vero
764 4171 927 4254 tanquam
950 4167 1070 4232 umbra
1097 4168 1357 4255 praeterierunt.

134 4269 205 4335 Nos
243 4291 326 4336 vero
361 4270 419 4357 qui
454 4294 554 4360 super
589 4272 821 4360 Pythagoram
861 4278 895 4340 et
930 4272 1165 4364 Empedoclem
1202 4275 1358 4362 perennis

132 4374 226 4440 vitae
252 4375 405 4463 cupimus
429 4377 568 4444 heredes
603 4378 691 4458 fieri,
729 4377 937 4465 Syrenarum
972 4379 1200 4468 relinquentes
1224 4387 1359 4447 cantum

131 4486 165 4545 et
187 4481 389 4567 philomelae
421 4490 617 4571 spernentes
646 4484 810 4551 lascivam
841 4485 1034 4568 melodiam,
1071 4486 1224 4554 coelestis
1260 4487 1358 4573 regni

131 4586 249 4652 callem
274 4589 482 4680 -aggredi
506 4591 723 4678 satagimus.“
1314 4584 1316 4588 ¹
