3196 5196
618 359 841 424 ..25-

224 533 451 601 Eustathium
485 533 582 600 illum
612 532 709 600 initio
741 533 869 600 saeculi
899 533 1010 623 quinti
1038 533 1193 600 floruisse
1225 538 1343 600 auctor

119 646 172 708 est
189 639 434 706 Cassiodorius,
472 639 595 729 Itaque
621 639 849 727 Syncleticam
874 662 1022 706 sororem
1042 640 1123 721 eius,
1148 645 1343 726 tempore

113 747 442 835 imperatorum
463 745 702 812 Theodosii
725 743 1050 812 etValentiani
1072 744 1235 811 claruisse
1257 747 1343 811 veri·

121 853 229 919 simile
245 857 306 918 est.
333 850 437 933 Quae,
463 851 493 917 si
508 874 574 918 non
591 849 727 932 fallunt,
751 849 951 917 confirmant
973 854 1124 915 nostram
1148 849 1188 915 de
1213 848 1343 918 Sedulii

118 966 233 1027 aetate
278 960 468 1048 opinionem
479 959 514 1047 ¹).
573 959 716 1026 Praeter
757 959 1002 1046 Hieronymum
1043 964 1077 1024 et
1115 957 1344 1044 Syncletioam

121 1076 354 1136 commemorat
378 1069 596 1136 Sedulinsin
627 1070 742 1136 eadem
771 1067 918 1157 epistula
949 1066 1110 1133 Ursinum
1142 1065 1341 1160 antistitem,

122 1177 354 1260 Laurentium,
381 1177 595 1245 Gallicanum
609 1177 698 1264 (Cod.
715 1176 818 1245 Taur.
840 1177 1029 1242 Gallianum
1044 1199 1086 1244 m.
1107 1181 1134 1258 1,
1162 1176 1344 1241 Gallienum

123 1306 208 1350 corr.
225 1307 267 1350 m.
285 1284 330 1371 2).
366 1283 559 1351 Ursicinum
581 1282 674 1373 (cod.
700 1283 889 1366 111111,
914 1287 944 1349 ci
967 1283 1002 1348 in
1025 1305 1132 1369 marg.
1158 1281 1224 1348 adi.
1248 1306 1290 1347 m.
1308 1284 1342 1365 2)

123 1394 360 1480 presbyteros,
392 1389 541 1456 Felicem
571 1389 753 1478 quendam,
787 1391 827 1456 de
851 1389 972 1479 quibus
995 1413 1060 1456 non
1084 1389 1188 1456 aliam
1212 1397 1343 1457 senten·

116 1499 200 1565 tiam
227 1499 338 1566 dicere
362 1473 469 1566 audio
493 1473 655 1588 atque¹in
680 1498 795 1566 eadem
828 1498 968 1566 ecclesia
990 1499 1046 1565 vel
1075 1497 1249 1587 provincia
1277 1521 1343 1586 qua

121 1591 355 1674 Macedonium
389 1607 553 1672 floruisse.
606 1605 723 1696 Neque
755 1606 796 1684 de
829 1605 1025 1672 Macedonio
1056 1605 1134 1687 illc,
1171 1607 1214 1674 ad
1246 1629 1342 1696 quem

121 1711 281 1778 Sedulius
304 1712 408 1778 libros
432 1735 510 1778 suos
533 1713 627 1779 misit
649 1719 684 1779 et
707 1735 805 1800 quem
842 1717 1016 1794 ,sanctum
1044 1737 1083 1780 ac
1109 1715 1341 1782 beatissimum

122 1819 309 1885 dominum“
347 1825 523 1910 nuncupat
562 1826 666 1909 atque
697 1819 898 1906 magistrum
908 1818 934 1906 ²)
965 1820 1142 1910 quicquam
1175 1821 1342 1889 traditum

118 1931 182 2003 est,
207 1927 295 2014 quod
318 1926 434 1993 valeat
458 1926 502 1991 ad
527 1927 741 2015 quaestiones
767 1923 968 1992 Sednlianas
993 1926 1228 1994 decernendas.

223 2053 274 2119 De
301 2051 431 2120 Sedulii
458 2059 572 2121 aetate
588 2054 761 2120 hactenus.
798 2052 850 2118 De
865 2051 1072 2140 parentibus,
1098 2052 1219 2140 quibus
1235 2057 1340 2135 ortus,

116 2163 156 2228 de
179 2161 371 2248 magistris,
397 2162 560 2250 aquibus
582 2163 618 2227 in
640 2161 769 2228 litteris
784 2161 936 2249 profanis
959 2160 1139 2228 institutus
1163 2159 1340 2248 aitpoeta,

115 2267 202 2335 nihil
236 2267 280 2334 ad
311 2291 371 2335 nos
402 2268 566 2358 pervenit.
612 2269 663 2335 At
694 2291 735 2335 ex
768 2268 924 2357 operibus
957 2268 1028 2334 eius
1052 2273 1196 2357 apparet
1219 2269 1342 2335 studiis

117 2375 357 2458 saecularibus,
383 2399 468 2466 quae
491 2381 564 2443 tum
588 2377 803 2470 dicebantur,
829 2400 903 2444 eum
927 2399 1061 2465 operam
1086 2377 1217 2444 dedisse
1242 2400 1343 2466 quam

124 2485 311 2551 maximam.
347 2485 424 2574 lpse
449 2483 594 2550 enimin
617 2483 764 2572 epistula
788 2483 831 2550 ad
847 2471 1079 2550 Macedonium
1102 2483 1142 2549 de
1166 2504 1228 2548 sua
1251 2482 1340 2550 litte-

118 2590 230 2656 rariae
248 2589 446 2680 disciplinae
462 2590 617 2658 soHertia
631 2590 723 2668 dicit,
749 2612 815 2680 qua
835 2589 984 2672 „lusibus
1000 2590 1203 2658 infructuosi
1219 2591 1339 2680 operis,

225 2821 245 2890 ¹)
264 2824 358 2874 Utrum
378 2823 505 2875 Sedulins
531 2824 627 2875 inille
646 2824 812 2890 Syncleticae
836 2823 915 2874 laude
934 2827 1067 2890 auctorem
1085 2822 1216 2887 quendam
1235 2827 1341 2876 secutus

118 2915 155 2966 sit
174 2929 264 2978 neone,
283 2915 393 2984 ignor03
413 2916 460 2968 sed
479 2917 623 2968 notandum
642 2922 683 2968 est
700 2917 730 2967 in
747 2918 805 2968 vita
823 2917 996 2982 Synoleticae,
1017 2931 1083 2981 quae
1102 2919 1144 2966 est
1162 2915 1232 2964 inter
1250 2913 1342 2978 spuria

119 3005 224 3070 scripta
241 3005 338 3056 Basilii
356 3005 411 3056 fere
431 3005 523 3056 eadem
541 3004 636 3055 iisdem
655 3004 745 3055 verbis
764 3004 890 3057 enarrari.
922 3004 1009 3056 Velim
1028 3005 1148 3056 conferas
1166 3002 1244 3053 haee:

387 3093 446 3144 Bas.
539 3115 542 3118 ·
1015 3082 1076 3146 ¹Sed.

123 3194 146 3232 1.
162 3180 202 3236 15.
217 3177 329 3250 οὐδὲγὰρ
342 3180 442 3251 κήρυκας
453 3183 502 3233 τῶν
514 3179 586 3245 αὐτῆς
595 3175 710 3249 ἀνδραγα·
830 3185 870 3234 De
883 3181 1054 3246 quotidianae
1066 3198 1129 3234 vero
1143 3181 1341 3234 misericordiae
1363 3199 1365 3204 ·

161 3264 281 3337 θημόιτων
308 3268 395 3334 ἤθελεν
419 3265 474 3324 εἶναι
499 3271 553 3331 τοὺς
578 3271 708 3339 παρόντας.
757 3274 955 3340 dispensatione
968 3273 1073 3336 reticeo,
1088 3288 1166 3337 quam
1179 3273 1339 3334 sioexercet,

163 3353 218 3424 Οὐχ
235 3355 311 3416 οὕτως
333 3363 380 3428 γὰρ
404 3357 432 3410 rb
451 3356 601 3430 εὖπράττειν
626 3357 709 3430 ἔφρόν-
755 3368 786 3415 11
806 3364 903 3431 sileat;
925 3364 965 3415 sie
983 3363 1104 3426 largitur,
1124 3366 1155 3413 ut
1173 3363 1265 3415 lateat.

160 3449 227 3513 τιζεν,
248 3445 305 3500 ὅσον
323 3451 364 3514 τῆς
383 3449 468 3500 τούτου
493 3449 598 3518 φυλακῆς
622 3467 647 3500 τε
670 3449 708 3502 καὶ

159 3536 254 3605 aaliz·

119 3637 140 3676 c·
158 3623 201 3678 2¹·
221 3621 246 3676 ἔκ
261 3623 308 3696 γὰρ
322 3629 363 3690 τῆς
381 3628 464 3695 σοφίας
477 3628 708 3700 caritatisqu-
826 3633 977 3700 Scripturas
997 3636 1078 3688 etiam
1093 3633 1267 3687 ecclesiastici
1280 3635 1341 3696 dog·

156 3731 239 3766 νοντο·
258 3709 287 3779 ἦν
306 3714 331 3766 δὲ
350 3714 429 3777 αὐταῖς
448 3716 578 3789 οἰνοχοῦσα
595 3721 622 3774 111
641 3723 708 3774 θεῖον
755 3723 835 3774 matis
861 3723 902 3774 ita
926 3723 1022 3773 sitiens
1047 3725 1179 3788 epotavit,
1211 3729 1253 3790 11,
1286 3725 1341 3776 nisi

157 3807 226 3875 πόμα
243 3805 283 3856 καὶ
301 3808 365 3876 νᾶμα
388 3805 403 3873 ἡ
427 3811 530 3878 μακαρία
550 3809 706 3878 rapsaci.
754 3828 832 3864 sexus
856 3811 966 3863 licentia
986 3810 1123 3873 defuisset,
1149 3817 1241 3877 posset
1261 3815 1341 3864 etiam

123 3910 147 3948 c.
167 3894 227 3952 112.
255 3899 352 3964 γυναῖκα
371 3895 434 3968 ‘apim
451 3902 598 3969 κατεφρόνει·
628 3899 706 3970 ἠγνόει
754 3903 870 3966 edocere,
889 3902 999 3954 1111111
1016 3902 1141 3953 membris
1159 3901 1267 3953 feminei
1286 3916 1340 3952 cor-

154 3981 200 4052 γᾶρ
221 3981 292 4048 αὐτῆς
311 3983 339 4035 t'o
358 3985 463 4059 ἀνδρεῖον
480 3991 598 4060 φρόνημα.
754 3993 827 4057 poris
846 3992 949 4042 animus
969 3991 1006 4041 sit
1023 3991 1119 4042 virilis.

122 4087 143 4126 1.
157 4071 199 4127 17.
218 4071 259 4132 τὰς
285 4072 326 4143 μὲν
353 4069 400 4146 γᾶρ
428 4072 573 4137 ἀκανθώδεις
593 4080 634 4143 τῆς
653 4077 704 4128 δια·
824 4081 1002 4146 Veredignum
1016 4122 1022 4134 .
1037 4119 1062 4131 ..
1082 4082 1208 4147 templum
1231 4078 1341 4130 ieiuniis

153 4162 215 4221 νοίας
228 4161 332 4232 ἐκφύσεις
341 4164 452 4238 ἀφῃρεῖτο
466 4166 504 4219 διά
514 4186 539 4220 τε
549 4169 589 4232 τῆς
600 4167 704 4233 νηστείας
755 4173 914 4236 castigatum
934 4153 1098 4220 orationibus
1116 4169 1253 4220 reiectum.
1268 4209 1274 4224 .
1289 4209 1295 4222 .

151 4253 189 4306 1111
206 4257 248 4320 τῆς
266 4258 405 4325 προςενχῆς.

225 4347 245 4415 ²)
265 4349 353 4416 Epist.
374 4350 394 4402 I.
422 4347 547 4413 Angebar
565 4365 657 4402 rursus
676 4351 729 4402 alia
751 4350 832 4402 animi
849 4351 966 4417 procella
984 4351 1086 4402 turbati
1104 4355 1130 4401 et
1149 4364 1242 4413 aegros
1262 4347 1340 4399 anhe-

119 4435 184 4486 litus
204 4434 252 4486 11111
270 4437 335 4486 mihi
353 4436 422 4487 ratio
442 4451 520 4502 saepe
539 4437 732 4501 commovebat,
762 4454 815 4503 qna
832 4454 873 4488 me
893 4453 1015 4490 noveram
1033 4441 1076 4491 vel
1094 4443 1155 4501 tua,
1181 4441 1257 4503 pater
1280 4438 1340 4489 boa-

117 4526 229 4588 tissime,
250 4526 294 4576 vel
308 4526 428 4589 aliorum,
451 4541 517 4590 quos
531 4528 620 4591 gratia
639 4526 763 4578 similiter
776 4526 900 4579 caelestis
913 4526 1038 4592 illustrat,
1058 4526 1183 4592 quiddam
1195 4527 1339 4592 profecisse

115 4616 241 4670 doctrina.
