3272 5200
653 329 877 396 ,99-

395 503 428 571 V
444 506 510 571 236
534 505 679 586 Detc'tuc't,
696 507 875 592 tristemque
890 505 1043 592 iufecu't
1058 506 1240 570 luctibus
1264 506 1377 570 orbem.

173 614 271 702 Virg.
288 613 349 683 Ge.
366 614 422 680 ΠΙ
441 615 504 682 481
534 615 742 703 Corrupc'tque
765 616 862 698 lucus,
887 617 1042 702 infecit
1058 614 1183 703 pabulo
1207 614 1305 678 tabe.

155 785 368 792 --—---—-

396 856 428 922 V
444 857 508 924 335
532 858 709 921 Deserto
740 856 926 920 statione
955 855 1063 943 suque
1086 854 1229 940 testesque
1253 854 1378 949 timoris

179 967 277 1054 Virg.
294 965 357 1033 Ae.
376 965 428 1032 IX
444 967 510 1033 222
534 964 712 1030 Succedunt
749 977 931 1048 servantque
969 965 1068 1028 uices:
1107 963 1289 1058 statione
1324 985 1378 1025 re-

869 1075 871 1080 '
953 1069 1066 1136 lictu.

297 1246 425 1334 hym.I
484 1249 505 1312 5
535 1246 637 1311 ch'us
668 1249 713 1313 cb
741 1249 930 1316 meritum
960 1247 1068 1310 cuuctc'
1084 1246 1211 1332 periere
1233 1245 1379 1308 uu‘uoces.

177 1351 275 1440 Virg.
294 1350 355 1418 Ge.
372 1350 423 1416 IV
441 1354 510 1417 455
535 1351 788 1438 Huutquuquuuu
815 1353 1064 1416 obcaecatum
1085 1371 1220 1437 poenas,
1253 1351 1291 1414 ιιι
1303 1351 1383 1437 futu

955 1459 1111 1524 resistunt.

297 1583 424 1713 hym.I
463 1627 504 1692 86
533 1625 640 1702 Quid
660 1624 823 1710 fucr'eut
852 1624 1012 1689 hostes?
1039 1637 1179 1688 mortuus
1200 1624 1257 1688 itte
1279 1635 1379 1688 touct.

161 1730 425 1819 Virg.Eol.III
465 1733 506 1798 16
534 1731 640 1808 Quid
663 1730 826 1795 domiui
837 1730 1027 1816 fuciunt,
1061 1729 1178 1794 uudeut
1202 1754 1271 1794 cum
1295 1730 1379 1793 tulc'u

748 1853 749 1856 ’
947 1835 1067 1924 jures?

247 1962 326 2028 ‘Sed
341 1961 404 2027 hoo
422 1981 529 2047 genus
546 1956 750 2024 Sedulianae
766 1957 967 2024 imitationis
988 1958 1094 2024 satis
1120 1944 1380 2024 illustrasse

151 2072 234 2139 mihi
258 2070 395 2152 videor,
429 2092 504 2136 oum
535 2068 637 2134 huius
661 2067 770 2135 libelli
793 2067 876 2134 fines
900 2067 1078 2134 materiam
1102 2089 1143 2132 ex
1166 2066 1255 2133 omni
1278 2071 1378 2154 parte

150 2179 328 2246 absolvere
351 2201 403 2244 me
426 2200 492 2243 non
516 2176 639 2242 sinant.
688 2173 838 2241 Transeo
863 2174 907 2240 ad
938 2173 1043 2240 aliud.
1090 2171 1276 2260 Virgilium
1310 2171 1379 2260 epi-

149 2287 273 2368 thetis,
312 2308 397 2376 quae
426 2284 512 2352 artis
535 2284 697 2353 vocabulo
723 2283 879 2350 ornantia
902 2289 1086 2365 vocantur,
1124 2288 1281 2349 ornatum
1305 2303 1379 2348 ora·

148 2392 254 2458 tionis
299 2397 333 2458 et
368 2414 527 2478 versuum
566 2413 665 2480 quam
694 2390 837 2457 maxime
871 2389 1024 2471 auxisse,
1070 2394 1122 2456 est
1158 2389 1380 2456 notissimum.

150 2497 270 2586 Neque
288 2497 449 2563 Sedulius
465 2505 581 2563 noster
598 2495 680 2562 haec
697 2494 881 2561 carminum
904 2493 1116 2561 condimenta
1138 2495 1380 2582 praetermisit,

150 2607 209 2695 qui
228 2605 443 2693 Virgilianae
467 2607 554 2672 artis
571 2605 653 2672 adeo
670 2604 778 2671 fuerit
793 2604 977 2671 studiosae.
1023 2604 1160 2670 Etenim
1184 2603 1379 2692 saepissime

152 2716 271 2782 eadem
315 2713 467 2801 epitheta
513 2735 600 2802 quae
646 2710 815 2799 Virgilius
866 2734 940 2778 cum
990 2711 1108 2778 iisdem
1158 2709 1381 2778 simillimisve

150 2823 343 2890 nominibus
382 2822 567 2890 coniunxit.
625 2821 730 2888 Cuius
769 2821 970 2888 imitationis
1010 2821 1189 2910 praeclara
1227 2817 1380 2906 exempla

150 2927 255 2995 habes
278 2927 378 2995 haec:

257 3034 276 3099 Ι
303 3040 342 3103 13
371 3037 469 3105 Oerea
492 3037 617 3121 metim)
652 3033 809 3121 of.Virg.
826 3033 866 3102 E.
885 3033 921 3100 Π
943 3037 987 3102 53
1013 3060 1102 3101 cerea
1123 3059 1253 3123 pruno,
1289 3033 1308 3099 I
1337 3037 1376 3100 15

145 3167 295 3230 paupere
324 3145 411 3208 horto
436 3171 477 3206 =
501 3142 598 3230 Virg.
616 3141 689 3209 Eoi.
707 3141 778 3207 VII
808 3146 851 3211 34
882 3145 1038 3231 pauperis
1070 3145 1160 3208 torti.
1203 3180 1248 3189 -
1291 3139 1310 3204 Ι
1334 3142 1379 3206 20

151 3250 285 3317 Saeua
308 3254 526 3338 ucfcnduruuu
550 3268 695 3320 reuocent
719 3255 919 3344 coutuqc‘a
940 3278 1046 3318 recum
1063 3251 1158 3339 Virg.
1179 3248 1377 3318 &111469

149 3357 263 3422 Dira
283 3383 343 3445 per
359 3363 521 3425 incautum
537 3374 666 3448 serpunt
682 3362 880 3447 coutuyc'a
895 3361 1010 3448 vulqus
1026 3359 1081 3446 (cf.
1095 3364 1139 3426 ei.
1157 3357 1197 3426 E.
1215 3358 1233 3424 Ι
1251 3363 1319 3444 50).
1336 3397 1381 3408 -

261 3615 281 3682 ¹)
300 3618 400 3668 Versus
419 3621 473 3668 est:
501 3615 585 3666 Ocrea
607 3615 741 3682 garismatia
762 3616 909 3682 flavescuut
936 3617 1015 3666 melta
1033 3613 1164 3667 canistris.
1195 3614 1379 3667 Nebrissensis

149 3705 334 3758 offendebatur
352 3705 380 3754 iu
400 3704 481 3756 verbo
502 3703 664 3770 „canistris“,
685 3703 817 3756 arevalus
829 3702 858 3754 iu
872 3705 952 3756 verbo
973 3703 1084 3769 „meltu“
1093 3723 1102 3767 ‚·
1120 3703 1166 3756 ille
1186 3703 1313 3770 „cutiuis“
1333 3705 1377 3755 hic

150 3794 257 3862 „muld‘
279 3794 360 3846 scribi
385 3795 472 3846 voluit
496 3793 541 3863 (oi.
561 3796 634 3845 mutu
653 3794 773 3846 ourristris
793 3795 841 3847 Or.
856 3795 890 3846 Μ,
904 3795 971 3848 VIII
984 3793 1051 3858 675,
1078 3813 1152 3848 cerea
1176 3814 1272 3861 pontu,
1301 3796 1380 3848 Mart.

149 3889 174 3938 X
187 3885 244 3952 94).
273 3887 403 3950 Equidem
422 3901 476 3936 non
494 3885 612 3938 adducor
629 3886 778 3937 rationibus
797 3887 919 3950 quamvis
937 3902 991 3937 non
1012 3887 1103 3952 inepto
1123 3886 1213 3949 dictis,
1233 3890 1264 3938 ut
1282 3887 1310 3937 in
1325 3903 1382 3938 nen·

149 3979 263 4028 tentiam
290 3977 488 4028 alteriusutrius
513 3976 611 4027 abeam.
643 3977 709 4027 Num
731 3975 753 4029 l.
773 3975 802 4026 in
825 3975 900 4029 codd.
928 3976 1008 4027 otiam
1036 3977 1066 4027 in
1093 3976 1278 4028 retostussimo
1298 3977 1379 4030 Taur.

149 4066 250 4130 legitur
276 4081 292 4116 a
319 4079 397 4115 manu
428 4063 514 4129 prima
548 4063 651 4128 „Terea
676 4063 811 4128 yemmuu
829 4064 990 4128 flauiscuut
1017 4063 1079 4134 [sio]
1107 4067 1210 4117 melta
1241 4066 1378 4119 canistris“

150 4153 176 4209 2.
199 4155 294 4220 „ucetia
313 4161 336 4203 ct
350 4153 446 4219 suucs“
467 4151 511 4221 (of.
526 4169 549 4205 v.
567 4151 612 4220 14)
640 4151 778 4217 coniungit
798 4153 923 4206 Sedulius
949 4155 1028 4206 etiam
1054 4156 1082 4206 II
1100 4153 1154 4210 268
1172 4164 1380 4222 acceperuntque

146 4245 229 4308 juves
254 4249 277 4290 rt
302 4244 389 4294 omitto
415 4245 500 4295 uuella.
539 4241 563 4298 3.
584 4243 616 4294 de
635 4245 711 4314 melle
731 4244 901 4306 cogitandum
920 4261 978 4296 esse
997 4245 1046 4296 hoc
1065 4246 1121 4297 loco
1140 4259 1220 4310 prosa
1239 4245 1380 4310 praecipue

150 4333 300 4397 colligitur:
320 4335 369 4402 „In
388 4334 457 4399 ipsis
476 4334 555 4386 etiam
575 4333 722 4386 ferculis
742 4335 860 4400 pretiosa
878 4335 958 4386 nimis
976 4335 1107 4386 varietate
1126 4334 1266 4396 gemmatis
1287 4334 1381 4385 flaves-

150 4424 213 4470 cunt
237 4423 410 4473 nectareis
435 4440 497 4473 sua
520 4423 622 4474 mette
641 4441 710 4474 cum·
734 4423 823 4474 ceris
843 4428 869 4474 et
890 4422 978 4475 aureis
998 4421 1136 4488 oppositus
1155 4421 1184 4472 in
1202 4422 1380 4474 canistris

153 4509 274 4560 concolor
297 4510 404 4563 metello
429 4510 508 4562 favus
531 4509 653 4563 alludit“.
684 4501 748 4564 Cum
768 4511 901 4564 locutIone
924 4511 957 4563 of.
973 4511 1096 4563 Outioi.
1117 4511 1185 4562 VIII
1204 4509 1258 4567 670
1282 4511 1381 4563 Pocula

154 4597 419 4662 ..flaventibus
437 4599 540 4650 ttttta
559 4599 659 4652 ceris.

1233 4687 1273 4748 7*

589 4841 601 4874 N
