3196 5196
737 389 959 453 -34...

233 567 346 631 exstat
382 561 436 646 (cf.
462 562 620 649 lnsoript.
647 563 762 631 6144464.
787 564 861 628 urb.
887 563 1014 629 Romae
1048 563 1124 629 6611.
1157 564 1196 628 416
1229 563 1330 628 146664
1363 566 1460 630 1861.

233 695 264 736 n.
281 672 368 750 745),
395 695 480 759 quae
508 683 628 756 nomen
651 659 797 738 consulis
821 672 879 738 Fl.
901 672 1085 738 Asturii
1109 671 1253 739 exhibet.
1292 671 1387 736 Hanc
1412 671 1461 736 in-

233 777 448 864 scriptionem
459 777 600 843 Rossius
615 779 716 843 certis
732 777 940 864 argumentis
953 778 1047 842 nisus
1061 801 1146 843 anno
1158 781 1220 844 449
1240 778 1458 846 adindioavit.

180 905 183 912 “
232 887 355 975 Itaque
386 885 564 973 praeclare
596 886 745 953 absolvit
775 886 829 950 vir
859 885 1072 952 doctissimus
1107 887 1193 952 hano
1235 888 1274 952 de
1308 887 1459 952 Asteriis

233 995 462 1084 quaestionem
487 995 614 1061 addens
640 994 675 1076 (l.
694 998 735 1078 6.)
758 1019 791 1082 p.
818 999 883 1062 325
921 1043 935 1076 „
951 1049 957 1060 .
975 1047 981 1060 .
1002 995 1161 1060 .Rufium
1186 994 1363 1060 Asterium
1386 1018 1460 1060 con-

232 1094 357 1182 sulem,
393 1101 432 1166 de
462 1125 527 1189 quo
551 1100 692 1186 Virgilii
717 1106 750 1166 ct
782 1100 912 1166 Sedulii
936 1101 1066 1167 codices
1090 1102 1268 1167 meminere
1293 1125 1313 1166 a
1337 1103 1459 1170 Flavio

232 1210 411 1297 1164444461)
445 1214 524 1296 (non
549 1209 701 1294 Asterie)
735 1210 870 1276 consule
902 1209 982 1275 anni
1005 1213 1070 1276 449
1096 1211 1266 1275 diversum
1290 1209 1457 1276 hominem

233 1341 305 1404 csse
345 1324 379 1386 64
414 1315 606 1382 luculentae
641 1315 873 1402 inscriptionis
914 1315 1108 1382 testimonio
1144 1315 1198 1402 (of.
1226 1340 1257 1382 n.
1284 1320 1359 1400 745)
1391 1317 1458 1382 iam

231 1423 471 1490 demonstravi.
520 1420 629 1502 Quam
654 1420 971 1486 demonstrationem
996 1416 1116 1486 deinde
1140 1420 1221 1486 mihi
1245 1421 1458 1487 confirmavit

230 1552 269 1596 ao
293 1528 478 1595 cumulavit
501 1526 666 1592 ineditum
683 1525 806 1611 lapidis
822 1525 1085 1592 Mediolanensis
1102 1527 1338 1612 fragmentum,
1365 1529 1456 1617 quod

228 1635 262 1699 in
296 1633 458 1698 addendis
491 1633 535 1698 ad
566 1654 687 1696 annum
722 1635 786 1698 449
818 1631 997 1716 reperies.“
1041 1631 1115 1696 Iam
1136 1634 1380 1700 recentioribus
1404 1637 1458 1700 464

228 1740 419 1806 litterariae
432 1739 606 1804 Romanae
623 1737 843 1826 scriptoribus
860 1759 1058 1822 persuasum
1075 1744 1127 1804 est
1145 1738 1305 1805 Turcium
1318 1742 1457 1809 Rufium

100 1863 101 1868 ’
230 1849 406 1916 Asterium
424 1847 593 1914 consulem
608 1845 713 1911 fuisse
730 1847 809 1911 anni
825 1849 890 1912 494
909 1846 1133 1934 (exconsulem
1151 1869 1181 1912 a.
1198 1852 1277 1929 495)
1302 1852 1458 1918 eundem-

231 1982 295 2046 que
320 1955 451 2024 Sedulii
476 1957 626 2022 carmina
650 1955 826 2040 collegisse
850 1962 885 2021 64
910 1954 1115 2041 divulgasse.
1164 1954 1230 2022 Sed
1258 1981 1346 2024 nova
1371 1961 1458 2026 diffi-

228 2071 339 2134 cultas
363 2066 498 2154 paritur
523 2088 578 2144 eo,
616 2063 704 2153 quod
728 2072 861 2151 poetam
887 2063 976 2129 circa
1000 2063 1147 2128 medium
1178 2064 1248 2129 fere
1282 2066 1455 2132 saeculum

227 2174 382 2262 quintum
407 2171 562 2236 floruisse
584 2176 679 2236 certa
702 2154 997 2254 argumentatione
1015 2189 1118 2256 supra
1135 2171 1328 2242 statuimus.
1356 2175 1457 2240 Teuf-

226 2281 328 2346 felius
359 2282 445 2348 hano
476 2281 712 2347 difficultatem
742 2279 864 2345 tollere
896 2279 960 2344 sibi
995 2280 1127 2345 videtur
1159 2282 1333 2348 affirmans
1360 2284 1456 2370 ¹frag-

225 2388 415 2453 mentoilli
440 2387 483 2452 ad
507 2399 625 2475 poetae
650 2385 756 2451 vitam
779 2385 973 2473 pertinenti,
1000 2386 1088 2474 quod
1105 2387 1273 2453 Gennadii
1298 2414 1369 2456 esse
1394 2415 1456 2458 nos

226 2497 443 2581 collegimus,
477 2495 576 2562 fidem
599 2519 666 2560 non
691 2517 762 2560 6666
787 2494 974 2560 habendam
999 2501 1034 2560 et
1066 2537 1106 2544 —
1139 2494 1313 2562 Sedulinm
1336 2506 1457 2585 utpote

226 2604 368 2669 amicum
399 2595 530 2668 14646444
563 2601 664 2687 (cons.
695 2603 774 2683 494)
808 2599 982 2687 aequalem
1013 2599 1127 2666 fuisse.
1190 2602 1364 2668 Dissentio
1397 2603 1453 2687 (cf.

224 2735 329 2800 supra
363 2737 396 2799 p.
431 2713 495 2800 48).
544 2711 628 2777 Post
670 2708 871 2774 Teuffelium
916 2709 955 2774 de
1000 2708 1137 2774 Sedulio
1188 2711 1259 2795 egit
1295 2704 1454 2778 Ebertus.

224 2816 290 2882 Hic
314 2817 414 2902 longe
438 2817 540 2902 aliam
565 2816 654 2880 viam
677 2815 851 2900 ingressus
876 2819 928 2878 664
951 2813 1146 2899 Kayserum
1170 2817 1225 2901 (64.
1243 2816 1266 2884 l.
1284 2840 1310 2883 6.
1329 2841 1360 2903 p.
1376 2819 1453 2883 218.
1478 2867 1482 2876 .

224 2924 326 3012 ann),
351 2931 391 2988 ut
415 2925 542 3011 opinor,
567 2929 712 2990 66644446,
747 2921 954 2988 Τ664444464446
977 2922 1039 2986 4116
1064 2930 1196 2989 vetera:
1235 2925 1380 2990 alterum
1413 2924 1455 2988 de

222 3037 338 3098 aetate
362 3032 507 3115 Sedulii,
546 3033 691 3098 alterum
723 3032 763 3096 de
787 3029 919 3100 Asterii
948 3030 1093 3096 editione
1118 3032 1167 3097 ita
1196 3032 1273 3097 vult
1310 3034 1454 3098 consoci-

225 3139 278 3204 ari
302 3139 353 3226 (L.
381 3138 422 3206 G.
450 3141 480 3206 d.
497 3139 543 3206 M.
560 3163 593 3226 p.
618 3141 693 3205 358.
720 3142 826 3220 ann.):
857 3137 1035 3220 „Asterius
1068 3139 1210 3225 Angabe
1235 3139 1289 3226 (cf.
1307 3160 1356 3225 ep.
1378 3161 1409 3206 v.
1432 3143 1453 3206 5

222 3249 314 3310 cuius
339 3272 394 3334 ope
418 3261 445 3311 64
469 3272 560 3336 64446Δ
581 3247 666 3310 edita
696 3260 768 3310 64464
794 3247 942 3333 populis)
984 3244 1116 3310 erkliirt
1149 3244 1220 3310 sich
1253 3245 1358 3339 daher
1388 3269 1454 3311 nur

222 3355 329 3420 durch
354 3355 407 3420 die
430 3354 625 3434 Annahme,
667 3353 745 3418 dass
769 3377 812 3417 zu
836 3353 946 3419 seiner
969 3353 1045 3418 Zeit
1069 3354 1129 3419 das
1155 3351 1299 3418 Carmen
1323 3354 1451 3420 bereits

222 3459 432 3525 versohollen
456 3482 544 3540 war,
581 3459 618 3523 in
640 3458 747 3545 Folge
780 3458 839 3523 der
871 3457 1012 3524 Edition
1044 3458 1102 3524 des
1136 3459 1245 3546 Opus3
1278 3459 1349 3524 und
1372 3482 1452 3526 man

222 3588 313 3630 muss
337 3566 503 3632 zwisohen
529 3565 588 3632 der
603 3564 767 3651 Ausgabe
791 3565 848 3629 des
867 3563 1028 3629 Asterius
1053 3565 1121 3628 und
1147 3565 1206 3630 der
1222 3565 1453 3654 Absassung's-

222 3674 291 3739 zeit
315 3674 412 3738 einen
442 3673 604 3758 ltingeren
627 3671 902 3738 Zwisohenraum
934 3669 1153 3736 annehmen“.
1201 3671 1298 3738 Hanc
1330 3673 1453 3740 Eberti

222 3781 410 3869 opinionem
433 3779 515 3843 mihi
539 3802 605 3844 non
628 3778 766 3866 probari
790 3778 856 3844 alio
880 3778 952 3844 1666
978 3777 1048 3842 iam
1065 3777 1305 3846 demonstravi.
1335 3780 1451 3846 Pauca

221 3889 318 3955 addo.
360 3888 444 3970 Quis
468 3894 520 3955 est
544 3889 599 3955 oui
620 3889 868 3976 persuadeatur
892 3910 1027 3954 carmen
1049 3887 1220 3976 paschale,
1246 3890 1335 3976 quod
1350 3896 1451 3956 tanta

221 3997 331 4086 gloria
344 4003 379 4063 et
390 3997 491 4063 laude
503 3997 668 4078 floruerit,
684 4018 782 4084 opere
794 3995 956 4084 paschali,
973 3996 1148 4082 elegantia
1160 3996 1266 4063 multo
1278 3995 1448 4078 4444644646,

222 4099 313 4167 edito
337 4103 528 4188 neglectum
554 4104 651 4169 esse?
675 4102 807 4168 Deinde
830 4125 897 4168 non
921 4108 982 4184 est,
1010 4125 1070 4169 our
1085 4102 1219 4170 Asterii
1243 4102 1333 4168 61646
1358 4101 1450 4167 dicta

139 4213 142 4217 ’
220 4208 297 4296 (sua
317 4231 399 4276 cura
416 4216 451 4277 64
467 4233 528 4298 ope
546 4211 694 4276 carmina
711 4211 802 4277 edita
819 4233 891 4276 6666
907 4211 1056 4298 populis)
1081 4232 1189 4299 neque
1213 4211 1256 4276 ab
1280 4207 1350 4273 ullo
1375 4228 1450 4272 auc-

218 4321 293 4380 tore
316 4314 516 4402 impugnata
538 4317 574 4382 in
599 4315 845 4398 dubitationem
872 4339 1037 4385 vocemus.
1075 4315 1282 4406 Priusquam
1298 4318 1449 4379 nostram

242 4623 245 4630 .
329 4569 346 4635 1)
365 4572 404 4624 of.
425 4571 472 4623 rh.
482 4572 634 4625 Mommsen.
654 4571 709 4639 (dio
730 4571 846 4622 Chronik
865 4571 912 4621 dos
923 4549 1106 4622 Cassiodorius
1128 4571 1248 4622 Senator.
1264 4568 1333 4620 Abh.
1349 4568 1372 4618 d.
1386 4569 1446 4618 14544.

219 4661 378 4740 6446146666.
395 4660 420 4715 d.
434 4661 474 4713 W.
488 4661 552 4727 phil.
565 4661 629 4714 hist.
646 4662 683 4713 ol.
703 4656 753 4712 ΙΙΙ.
770 4661 799 4712 Β.
820 4658 846 4712 S'.
861 4658 922 4714 653.
943 4659 1013 4726 674),
